2126 3188
203 147 279 240 ars
427 173 788 237 urrrornssus.

203 283 272 342 tusi
291 282 424 337 domm:
444 281 588 352 proiectus
609 297 671 338 sum
692 298 746 351 quo
758 281 948 351 destinaram
966 298 1008 341 rs·

202 370 301 410 versus
320 369 395 416 sum,
424 353 510 406 reddo
531 349 732 407 conductitium
754 369 867 421 equum,
897 358 1007 422 reperio

201 437 294 478 meum
307 423 471 492 sophistam,
482 430 513 475 ut
523 431 598 487 erat,
610 426 723 478 obesum
734 430 763 475 et
775 421 890 490 pulchre
901 427 1009 492 requie·

199 499 277 546 ,tumr
301 509 335 546 eo
355 501 454 549 vectus
475 493 559 546 redeo
582 495 617 546 ad
638 495 840 561 impostoremn
855 509 925 562 rogo
938 496 1009 546 utin

201 563 315 616 stabulo
327 578 378 614 suo
390 562 448 619 alet
461 563 521 616 dies
531 565 649 632 aliquot,
660 565 748 616 donec
758 561 910 630 repetiero.
947 563 1011 616 Per-

203 639 361 695 cunctatur,
382 647 464 700 quarn
485 635 631 685 commode
643 649 686 686 me
702 634 831 700 gesserit.
869 633 931 700 Ego
942 648 1009 684 vero

165 740 168 748 ‹
203 701 300 758 deiero
312 717 361 770 per
373 703 466 753 omnia
477 719 616 767 sacrante
628 719 767 771 nonquam
778 705 808 753 in
820 704 1011 754 ritaconscen·

204 771 281 826 disse
302 777 412 839 tergum
437 774 501 843 equi
522 771 674 833 felicioris3
695 775 805 823 volasse
826 769 1011 838 potiusquam

203 840 379 904 ambulasse,
400 857 451 892 nec
473 851 529 890 ianr
548 844 634 905 longo
645 838 747 890 itinere
757 854 878 906 unquam
891 841 1011 892 sensisse

203 909 406 970 lassitudinem,
414 915 464 960 nec
475 909 531 978 pilo
544 908 649 960 factum
660 909 697 960 ob
705 908 829 960 laborem
838 912 1010 962 macriorem.

204 979 286 1034 Haec
297 994 379 1046 quum
390 978 433 1029 illi
445 979 644 1045 persuasissem
656 993 718 1030 esse
726 993 800 1041 vera,
808 979 913 1030 tacitus
919 994 1009 1031 secum

204 1049 360 1116 cogitabat,
384 1061 485 1115 equum
495 1047 575 1099 illum
588 1047 671 1114 alium
684 1063 760 1110 esse,
781 1063 864 1115 quarn
876 1048 1009 1102 hactenus

204 1117 363 1184 suspicatus
375 1124 458 1167 esset.
487 1118 583 1186 ltaque
593 1121 751 1186 priusquam
763 1119 879 1181 abirem,
891 1121 1009 1186 rogabat

203 1201 269 1238 num
293 1184 361 1236 miii
383 1185 490 1238 venalis
510 1194 585 1240 esset
605 1202 708 1256 equus:
742 1188 833 1254 primo
856 1189 1007 1256 negabam

204 1252 306 1322 quodsi
318 1251 454 1307 incideret
465 1255 522 1309 iter
533 1257 633 1320 denuo,
646 1274 700 1310 non
712 1256 798 1308 facile
811 1257 874 1310 fore
887 1259 1008 1310 nancisci

203 1321 337 1377 similems
358 1330 484 1378 attamen
506 1325 575 1378 nihil
587 1325 794 1381 essemiliitam
807 1343 915 1390 carum,
935 1327 1007 1394 quod

202 1407 260 1448 oon
271 1399 345 1447 esset
355 1396 454 1448 venale
465 1397 556 1464 pretio
569 1397 776 1463 largo,etiamsi
786 1399 848 1464 quis
860 1399 1007 1464 meipsum,

202 1463 327 1532 inquam,
339 1473 452 1532 cuperet
463 1472 594 1533 emptum.
604 1467 715 1520 su.Nae
725 1475 754 1522 tu
769 1466 884 1533 pulchre
897 1469 1007 1519 Creten·

202 1547 262 1586 som
286 1534 391 1602 agebas
410 1551 471 1588 cum
488 1537 637 1590 Cretensi..
660 1552 706 1589 ris.
728 1537 800 1598 Quid
812 1537 929 1593 multisl
947 1535 1007 1588 Non

202 1601 321 1656 dimittit
330 1618 383 1668 me,
398 1605 452 1657 nisi
462 1606 646 1672 pronunciata
656 1607 720 1672 equi
730 1606 898 1658 indicatura.
933 1605 1007 1657 lndi·

203 1675 264 1726 cavi
276 1688 330 1726 non
342 1674 436 1751 paullo
449 1675 548 1742 pluris,
560 1691 641 1743 quam
653 1691 783 1728 emeram.
810 1676 961 1744 Digressus
972 1675 1006 1727 ab

199 1737 313 1796 homine
325 1759 392 1798 mox
401 1745 530 1810 suborno,
542 1747 589 1813 qui
600 1743 668 1797 milri
678 1753 785 1814 partem
796 1752 862 1814 agat
872 1745 956 1797 huius
967 1745 1007 1798 ia·

200 1810 292 1872 boiae,
304 1813 676 1883 pulchreinstructumatque
683 1815 823 1868 edoctum:
833 1816 857 1866 is
864 1816 1007 1884 ingressus

202 1879 316 1932 domum
338 1880 472 1936 inclamat
484 1883 650 1938 locatorem:
672 1886 713 1937 ait
723 1887 777 1940 sibi
787 1901 856 1952 opus
869 1901 932 1938 esse
943 1885 1008 1936 insi·

200 1949 249 2018 gni
271 1965 342 2018 equo
355 1957 383 2004 et
392 1952 497 2006 laboris
510 1955 620 2024 egregie
631 1955 759 2022 patienti.
793 1957 874 2022 Alter
885 1955 1009 2022 ostendit

200 2017 320 2082 multos,
339 2026 368 2072 et
388 2022 538 2090 pessimum
560 2040 696 2092 quemque
717 2025 836 2078 maxime
847 2025 1008 2090 praedicatq

199 2089 292 2142 solum
303 2089 391 2157 illum,
403 2108 484 2160 quem
496 2086 565 2145 nliii
575 2093 754 2158 vendiderat,
771 2093 1009 2161 quonismssxisti·
1059 2089 1061 2144 i

200 2159 298 2212 mahat
313 2176 378 2214 rere
394 2163 480 2215 talem
498 2163 607 2230 qualem
620 2164 859 2230 praedicaveram,
879 2180 937 2215 non
948 2163 1008 2214 lau·

201 2225 261 2278 dat.
296 2231 333 2280 ilt
343 2233 416 2285 alter
428 2230 503 2284 illico
516 2237 606 2298 rogat,
622 2248 686 2282 num
699 2239 727 2284 et
736 2233 785 2286 ille
796 2233 904 2286 venalis
916 2237 1008 2284 esset:

199 2308 265 2348 nam
275 2293 477 2368 descripseram
490 2302 534 2353 illi
542 2303 663 2354 formam
676 2306 746 2369 equi,
758 2310 786 2356 et
798 2303 890 2354 locum
904 2302 1009 2354 indica·
1059 2305 1061 2326 ¹

199 2377 270 2417 ram.
306 2363 429 2423 Locator
441 2372 559 2438 primum
573 2373 758 2435 obticescere,
774 2379 858 2442 atquc
869 2372 942 2436 alios
952 2386 1008 2424 am·
1047 2375 1061 2440 ,¹

117 2447 119 2453 ·
201 2432 308 2486 bitiose
318 2439 491 2500 praedicare.
511 2441 600 2502 durno
613 2441 667 2492 iste
677 2443 778 2493 ceteris
790 2448 933 2510 utcunque
946 2450 1010 2510 pro·

201 2500 276 2554 batis
288 2517 399 2570 semper
410 2515 506 2575 ageret
518 2508 552 2560 de
563 2525 618 2560 uno
629 2510 687 2573 illo,
693 2509 806 2563 tandem
814 2511 925 2563 locator
936 2509 1010 2579 apud

201 2584 246 2621 se:
268 2569 356 2624 Plano
377 2575 480 2627 fefellit
501 2592 544 2628 me
556 2579 690 2629 iudicium
702 2576 736 2630 do
748 2580 800 2630 illo
814 2595 900 2647 equo,
922 2579 1023 2648 siqui-¹

202 2638 266 2690 dem
278 2636 324 2689 iic
335 2644 497 2710 peregrinus
508 2647 602 2697 statim
615 2649 730 2712 agnovit
741 2646 893 2700 huncinter
901 2665 1008 2703 omnes.
1059 2651 1060 2686 l

201 2705 292 2772 Quum
303 2708 424 2802 instaret
436 2711 501 2775 ille,
514 2715 628 2769 tandem
639 2716 695 2780 iic,
710 2716 825 2772 Venalis
836 2724 888 2790 est,
899 2719 1009 2788 inquito

972 2855 1059 2908 ‘²1
