<?xml version="1.0" encoding="UTF-8"?>
<!DOCTYPE html PUBLIC "-//W3C//DTD XHTML 1.0 Transitional//EN"
    "http://www.w3.org/TR/xhtml1/DTD/xhtml1-transitional.dtd">
<html xmlns="http://www.w3.org/1999/xhtml" xml:lang="en" lang="en">
 <head>
  <title>
</title>
<meta http-equiv="Content-Type" content="text/html;charset=utf-8" />
  <meta name='ocr-system' content='tesseract 3.04.00' />
  <meta name='ocr-capabilities' content='ocr_page ocr_carea ocr_par ocr_line ocrx_word'/>
</head>
<body>
  <div class='ocr_page' id='page_1' title='image "./desideriierasmi00erasgoog_0134.png"; bbox 0 0 2150 3198; ppageno 0'>
   <div class='ocr_carea' id='block_1_1' title="bbox 203 181 876 258">
    <p class='ocr_par' dir='ltr' id='par_1_1' title="bbox 95 181 876 272">
     <span class='ocr_line' id='line_1_1' title="bbox 203 181 876 258; baseline -0.017 -6.798"><span class='ocrx_word' id='word_1_1' title='bbox 203 187 256 258; x_wconf 73' lang='lat'>126</span> <span class='ocrx_word' id='word_1_2' title='bbox 326 181 876 248; x_wconf 73' lang='lat' dir='ltr'>couvl&#39;vluu&#39;ltumurosum.</span> 
     </span>
    </p>
   </div>
   <div class='ocr_carea' id='block_1_2' title="bbox 118 289 1074 1048">
    <p class='ocr_par' dir='ltr' id='par_1_2' title="bbox 203 289 1010 368">
     <span class='ocr_line' id='line_1_2' title="bbox 203 289 1010 368; baseline -0.015 -12"><span class='ocrx_word' id='word_1_3' title='bbox 203 296 334 368; x_wconf 63' lang='lat' dir='ltr'>&amp;positio</span> <span class='ocrx_word' id='word_1_4' title='bbox 346 293 519 358; x_wconf 72' lang='lat' dir='ltr'>tabernaculi</span> <span class='ocrx_word' id='word_1_5' title='bbox 528 293 588 347; x_wconf 84' lang='lat' dir='ltr'>mei.</span> <span class='ocrx_word' id='word_1_6' title='bbox 624 292 697 355; x_wconf 78' lang='lat' dir='ltr'>onia</span> <span class='ocrx_word' id='word_1_7' title='bbox 710 299 802 344; x_wconf 87' lang='lat' dir='ltr'>nutem</span> <span class='ocrx_word' id='word_1_8' title='bbox 812 290 889 343; x_wconf 86' lang='lat' dir='ltr'>aliud</span> <span class='ocrx_word' id='word_1_9' title='bbox 903 289 1010 344; x_wconf 85' lang='lat' dir='ltr'>clamat</span> 
     </span>
    </p>

    <p class='ocr_par' dir='ltr' id='par_1_3' title="bbox 203 361 1009 434">
     <span class='ocr_line' id='line_1_3' title="bbox 203 361 1009 434; baseline -0.012 -14"><span class='ocrx_word' id='word_1_10' title='bbox 203 369 283 420; x_wconf 82' lang='lat' dir='ltr'>nobis</span> <span class='ocrx_word' id='word_1_11' title='bbox 304 366 447 428; x_wconf 87' lang='lat' dir='ltr'>Christus,</span> <span class='ocrx_word' id='word_1_12' title='bbox 467 379 547 431; x_wconf 87' lang='lat' dir='ltr'>quam</span> <span class='ocrx_word' id='word_1_13' title='bbox 568 370 600 415; x_wconf 87' lang='lat' dir='ltr'>ut</span> <span class='ocrx_word' id='word_1_14' title='bbox 620 365 660 414; x_wconf 90' lang='lat' dir='ltr'>sic</span> <span class='ocrx_word' id='word_1_15' title='bbox 671 363 797 413; x_wconf 83' lang='lat' dir='ltr'>vivamus</span> <span class='ocrx_word' id='word_1_16' title='bbox 809 361 1009 434; x_wconf 81' lang='lat' dir='ltr'>aerigiiemus,</span> 
     </span>
    </p>

    <p class='ocr_par' dir='ltr' id='par_1_4' title="bbox 204 429 1012 504">
     <span class='ocr_line' id='line_1_4' title="bbox 204 429 1012 504; baseline -0.011 -14"><span class='ocrx_word' id='word_1_17' title='bbox 204 445 339 504; x_wconf 75' lang='lat' dir='ltr'><strong>tanquam</strong></span> <span class='ocrx_word' id='word_1_18' title='bbox 360 435 437 486; x_wconf 86' lang='lat' dir='ltr'>illico</span> <span class='ocrx_word' id='word_1_19' title='bbox 453 433 602 495; x_wconf 56' lang='lat' dir='ltr'>moriturii,</span> <span class='ocrx_word' id='word_1_20' title='bbox 624 434 665 483; x_wconf 81' lang='lat' dir='ltr'>sic</span> <span class='ocrx_word' id='word_1_21' title='bbox 680 433 870 483; x_wconf 84' lang='lat' dir='ltr'>incumbamus</span> <span class='ocrx_word' id='word_1_22' title='bbox 883 429 1012 482; x_wconf 81' lang='lat' dir='ltr'><strong>honestis</strong></span> 
     </span>
    </p>

    <p class='ocr_par' dir='ltr' id='par_1_5' title="bbox 206 499 1074 710">
     <span class='ocr_line' id='line_1_5' title="bbox 206 499 1018 572; baseline -0.014 -12"><span class='ocrx_word' id='word_1_23' title='bbox 206 507 306 570; x_wconf 86' lang='lat' dir='ltr'>rebus,</span> <span class='ocrx_word' id='word_1_24' title='bbox 321 512 453 572; x_wconf 87' lang='lat' dir='ltr'>tanquam</span> <span class='ocrx_word' id='word_1_25' title='bbox 464 517 573 570; x_wconf 79' lang='lat' dir='ltr'>semper</span> <span class='ocrx_word' id='word_1_26' title='bbox 582 501 699 553; x_wconf 79' lang='lat' dir='ltr'>victurii</span> <span class='ocrx_word' id='word_1_27' title='bbox 719 503 777 554; x_wconf 88' lang='lat' dir='ltr'>Iam</span> <span class='ocrx_word' id='word_1_28' title='bbox 787 499 858 551; x_wconf 86' lang='lat' dir='ltr'>illud</span> <span class='ocrx_word' id='word_1_29' title='bbox 872 515 957 568; x_wconf 88' lang='lat' dir='ltr'>quum</span> <span class='ocrx_word' id='word_1_30' title='bbox 969 515 1018 550; x_wconf 86' lang='lat' dir='ltr'>au·</span> 
     </span>
     <span class='ocr_line' id='line_1_6' title="bbox 207 569 1074 642; baseline -0.005 -16"><span class='ocrx_word' id='word_1_31' title='bbox 207 575 311 638; x_wconf 84' lang='lat' dir='ltr'>dimus,</span> <span class='ocrx_word' id='word_1_32' title='bbox 340 571 644 642; x_wconf 78' lang='lat' dir='ltr'>Oproeclaromriiem!</span> <span class='ocrx_word' id='word_1_33' title='bbox 672 569 1015 622; x_wconf 81' lang='lat' dir='ltr'>nonneridemuraudirc</span> <span class='ocrx_word' id='word_1_34' title='bbox 1072 604 1074 622; x_wconf 55' lang='lat'>2</span> 
     </span>
     <span class='ocr_line' id='line_1_7' title="bbox 206 633 1074 710; baseline -0.01 -12"><span class='ocrx_word' id='word_1_35' title='bbox 206 643 324 698; x_wconf 87' lang='lat' dir='ltr'>Paulum</span> <span class='ocrx_word' id='word_1_36' title='bbox 336 645 427 709; x_wconf 86' lang='lat' dir='ltr'>ipsum</span> <span class='ocrx_word' id='word_1_37' title='bbox 438 633 708 710; x_wconf 77' lang='lat' dir='ltr'>loquentem,&#39;0apio</span> <span class='ocrx_word' id='word_1_38' title='bbox 719 640 839 703; x_wconf 75' lang='lat' dir='ltr'>dissolvi,</span> <span class='ocrx_word' id='word_1_39' title='bbox 850 648 878 692; x_wconf 82' lang='lat' dir='ltr'>et</span> <span class='ocrx_word' id='word_1_40' title='bbox 888 656 945 692; x_wconf 75' lang='lat' dir='ltr'>esee</span> <span class='ocrx_word' id='word_1_41' title='bbox 956 654 1016 690; x_wconf 83' lang='lat' dir='ltr'>com</span> <span class='ocrx_word' id='word_1_42' title='bbox 1073 637 1074 640; x_wconf 71' lang='grc'>’</span> 
     </span>
    </p>

    <p class='ocr_par' dir='ltr' id='par_1_6' title="bbox 195 710 1016 778">
     <span class='ocr_line' id='line_1_8' title="bbox 195 710 1016 778; baseline -0.009 -12"><span class='ocrx_word' id='word_1_43' title='bbox 195 743 197 756; x_wconf 76' lang='lat'>=</span> <span class='ocrx_word' id='word_1_44' title='bbox 209 713 336 766; x_wconf 68' lang='lat' dir='ltr'>Christo?</span> <span class='ocrx_word' id='word_1_45' title='bbox 347 727 393 764; x_wconf 85' lang='lat' dir='ltr'>cu.</span> <span class='ocrx_word' id='word_1_46' title='bbox 401 711 489 776; x_wconf 68' lang='lat' dir='ltr'>Quam</span> <span class='ocrx_word' id='word_1_47' title='bbox 499 711 595 763; x_wconf 84' lang='lat' dir='ltr'>felices</span> <span class='ocrx_word' id='word_1_48' title='bbox 602 717 676 777; x_wconf 81' lang='lat' dir='ltr'>sunt,</span> <span class='ocrx_word' id='word_1_49' title='bbox 686 712 731 778; x_wconf 88' lang='lat' dir='ltr'>qui</span> <span class='ocrx_word' id='word_1_50' title='bbox 739 711 788 761; x_wconf 89' lang='lat' dir='ltr'>tali</span> <span class='ocrx_word' id='word_1_51' title='bbox 796 710 1016 761; x_wconf 83' lang='lat' dir='ltr'>animornortem</span> 
     </span>
    </p>

    <p class='ocr_par' dir='ltr' id='par_1_7' title="bbox 118 779 1016 850">
     <span class='ocr_line' id='line_1_9' title="bbox 118 779 1016 850; baseline -0.011 -12"><span class='ocrx_word' id='word_1_52' title='bbox 118 832 121 838; x_wconf 89' lang='lat'><em>.</em></span> <span class='ocrx_word' id='word_1_53' title='bbox 208 781 386 850; x_wconf 76' lang='lat' dir='ltr'>exspectant!</span> <span class='ocrx_word' id='word_1_54' title='bbox 403 780 482 836; x_wconf 61' lang='lat' dir='ltr'>:Sed</span> <span class='ocrx_word' id='word_1_55' title='bbox 503 783 533 832; x_wconf 90' lang='lat' dir='ltr'>in</span> <span class='ocrx_word' id='word_1_56' title='bbox 554 780 681 840; x_wconf 82' lang='lat' dir='ltr'>oratione</span> <span class='ocrx_word' id='word_1_57' title='bbox 702 779 830 847; x_wconf 86' lang='lat' dir='ltr'>Catonis,</span> <span class='ocrx_word' id='word_1_58' title='bbox 856 785 1016 846; x_wconf 85' lang='lat' dir='ltr'>quanquam</span> 
     </span>
    </p>

    <p class='ocr_par' dir='ltr' id='par_1_8' title="bbox 160 847 1016 922">
     <span class='ocr_line' id='line_1_10' title="bbox 160 847 1016 922; baseline -0.013 -15"><span class='ocrx_word' id='word_1_59' title='bbox 160 915 162 921; x_wconf 27' lang='grc' dir='ltr'>Ι</span> <span class='ocrx_word' id='word_1_60' title='bbox 207 853 354 922; x_wconf 76' lang='lat' dir='ltr'>praeclara</span> <span class='ocrx_word' id='word_1_61' title='bbox 365 857 423 913; x_wconf 87' lang='lat' dir='ltr'>est,</span> <span class='ocrx_word' id='word_1_62' title='bbox 438 855 532 904; x_wconf 84' lang='lat' dir='ltr'>tamen</span> <span class='ocrx_word' id='word_1_63' title='bbox 545 849 671 900; x_wconf 79' lang='lat' dir='ltr'>fiduciam</span> <span class='ocrx_word' id='word_1_64' title='bbox 683 847 784 915; x_wconf 87' lang='lat' dir='ltr'>aliquis</span> <span class='ocrx_word' id='word_1_65' title='bbox 794 855 894 900; x_wconf 82' lang='lat' dir='ltr'>taxare</span> <span class='ocrx_word' id='word_1_66' title='bbox 908 851 1016 915; x_wconf 83' lang='lat' dir='ltr'>posset,</span> 
     </span>
    </p>

    <p class='ocr_par' dir='ltr' id='par_1_9' title="bbox 125 917 1018 988">
     <span class='ocr_line' id='line_1_11' title="bbox 125 917 1018 988; baseline -0.011 -11"><span class='ocrx_word' id='word_1_67' title='bbox 125 979 127 984; x_wconf 79' lang='grc'>,</span> <span class='ocrx_word' id='word_1_68' title='bbox 179 955 182 961; x_wconf 86' lang='grc'><strong>-</strong></span> <span class='ocrx_word' id='word_1_69' title='bbox 207 923 360 976; x_wconf 81' lang='lat' dir='ltr'>utebarro</span> <span class='ocrx_word' id='word_1_70' title='bbox 381 918 637 988; x_wconf 78' lang='lat' dir='ltr'>antiaprofcctam,</span> <span class='ocrx_word' id='word_1_71' title='bbox 666 934 748 986; x_wconf 87' lang='lat' dir='ltr'>quam</span> <span class='ocrx_word' id='word_1_72' title='bbox 765 917 883 969; x_wconf 86' lang='lat' dir='ltr'>multum</span> <span class='ocrx_word' id='word_1_73' title='bbox 902 921 1018 982; x_wconf 85' lang='lat' dir='ltr'>oportet</span> 
     </span>
    </p>

    <p class='ocr_par' dir='ltr' id='par_1_10' title="bbox 207 937 1019 1048">
     <span class='ocr_line' id='line_1_12' title="bbox 207 937 1019 1048; baseline -0.006 -5"><span class='ocrx_word' id='word_1_74' title='bbox 207 993 307 1048; x_wconf 77' lang='lat' dir='ltr'>abesse</span> <span class='ocrx_word' id='word_1_75' title='bbox 318 990 352 1041; x_wconf 89' lang='lat' dir='ltr'>ab</span> <span class='ocrx_word' id='word_1_76' title='bbox 362 937 476 1042; x_wconf 54' lang='lat' dir='ltr'>{omine</span> <span class='ocrx_word' id='word_1_77' title='bbox 489 987 656 1040; x_wconf 84' lang='lat' dir='ltr'>Christiano.</span> <span class='ocrx_word' id='word_1_78' title='bbox 674 987 794 1038; x_wconf 77' lang='lat' dir='ltr'>Proinde</span> <span class='ocrx_word' id='word_1_79' title='bbox 805 986 874 1038; x_wconf 82' lang='lat' dir='ltr'>mihi</span> <span class='ocrx_word' id='word_1_80' title='bbox 886 986 958 1037; x_wconf 83' lang='lat' dir='ltr'>nihil</span> <span class='ocrx_word' id='word_1_81' title='bbox 969 1001 1019 1038; x_wconf 76' lang='lat' dir='ltr'>uu⁴</span> 
     </span>
    </p>
   </div>
   <div class='ocr_carea' id='block_1_3' title="bbox 147 1052 1019 1182">
    <p class='ocr_par' dir='ltr' id='par_1_11' title="bbox 147 1052 1019 1182">
     <span class='ocr_line' id='line_1_13' title="bbox 147 1052 1019 1182; baseline -0.006 -69"><span class='ocrx_word' id='word_1_82' title='bbox 147 1082 151 1088; x_wconf 48' lang='grc'><em>“</em></span> <span class='ocrx_word' id='word_1_83' title='bbox 207 1076 289 1182; x_wconf 50' lang='lat' dir='ltr'>guam</span> <span class='ocrx_word' id='word_1_84' title='bbox 302 1059 404 1126; x_wconf 79' lang='lat' dir='ltr'><strong>legisse</strong></span> <span class='ocrx_word' id='word_1_85' title='bbox 413 1059 512 1110; x_wconf 81' lang='lat' dir='ltr'>videor</span> <span class='ocrx_word' id='word_1_86' title='bbox 523 1056 594 1126; x_wconf 76' lang='lat' dir='ltr'>apud</span> <span class='ocrx_word' id='word_1_87' title='bbox 608 1055 748 1120; x_wconf 84' lang='lat' dir='ltr'>ethnicos,</span> <span class='ocrx_word' id='word_1_88' title='bbox 760 1052 832 1126; x_wconf 87' lang='lat' dir='ltr'>quod</span> <span class='ocrx_word' id='word_1_89' title='bbox 844 1055 938 1124; x_wconf 85' lang='lat' dir='ltr'>aptius</span> <span class='ocrx_word' id='word_1_90' title='bbox 950 1070 1019 1123; x_wconf 81' lang='lat' dir='ltr'>qua·</span> 
     </span>
    </p>
   </div>
   <div class='ocr_carea' id='block_1_4' title="bbox 83 1123 1039 2792">
    <p class='ocr_par' dir='ltr' id='par_1_12' title="bbox 208 1123 1020 2306">
     <span class='ocr_line' id='line_1_14' title="bbox 228 1123 1020 1194; baseline -0.006 -14"><span class='ocrx_word' id='word_1_91' title='bbox 228 1135 272 1180; x_wconf 86' lang='lat' dir='ltr'>ret</span> <span class='ocrx_word' id='word_1_92' title='bbox 282 1128 310 1178; x_wconf 93' lang='lat' dir='ltr'>in</span> <span class='ocrx_word' id='word_1_93' title='bbox 322 1127 460 1180; x_wconf 84' lang='lat' dir='ltr'>hominem</span> <span class='ocrx_word' id='word_1_94' title='bbox 472 1143 537 1180; x_wconf 83' lang='lat' dir='ltr'>rere</span> <span class='ocrx_word' id='word_1_95' title='bbox 548 1125 750 1189; x_wconf 83' lang='lat' dir='ltr'>Christianum,</span> <span class='ocrx_word' id='word_1_96' title='bbox 776 1141 856 1194; x_wconf 90' lang='lat' dir='ltr'>quam</span> <span class='ocrx_word' id='word_1_97' title='bbox 879 1123 955 1192; x_wconf 83' lang='lat' dir='ltr'>quod</span> <span class='ocrx_word' id='word_1_98' title='bbox 970 1123 1020 1176; x_wconf 87' lang='lat' dir='ltr'>So·</span> 
     </span>
     <span class='ocr_line' id='line_1_15' title="bbox 209 1195 1020 1263; baseline -0.01 -11"><span class='ocrx_word' id='word_1_99' title='bbox 209 1203 316 1260; x_wconf 82' lang='lat' dir='ltr'>crates,</span> <span class='ocrx_word' id='word_1_100' title='bbox 333 1195 417 1262; x_wconf 84' lang='lat' dir='ltr'>paulo</span> <span class='ocrx_word' id='word_1_101' title='bbox 429 1201 493 1263; x_wconf 83' lang='lat' dir='ltr'>post</span> <span class='ocrx_word' id='word_1_102' title='bbox 503 1198 642 1248; x_wconf 78' lang='lat' dir='ltr'>bibiturus</span> <span class='ocrx_word' id='word_1_103' title='bbox 655 1199 789 1258; x_wconf 82' lang='lat' dir='ltr'>cicutam,</span> <span class='ocrx_word' id='word_1_104' title='bbox 809 1195 881 1245; x_wconf 85' lang='lat' dir='ltr'>dixit</span> <span class='ocrx_word' id='word_1_105' title='bbox 893 1195 1020 1245; x_wconf 68' lang='lat' dir='ltr'>Critonis</span> 
     </span>
     <span class='ocr_line' id='line_1_16' title="bbox 208 1262 1020 1336; baseline -0.006 -16"><span class='ocrx_word' id='word_1_106' title='bbox 208 1265 253 1320; x_wconf 73' lang='lat' dir='ltr'>Aa</span> <span class='ocrx_word' id='word_1_107' title='bbox 264 1282 360 1336; x_wconf 77' lang='lat' dir='ltr'>opera,</span> <span class='ocrx_word' id='word_1_108' title='bbox 371 1265 477 1336; x_wconf 83' lang='lat' dir='ltr'>inquit,</span> <span class='ocrx_word' id='word_1_109' title='bbox 489 1276 583 1318; x_wconf 73' lang='lat' dir='ltr'>nostra</span> <span class='ocrx_word' id='word_1_110' title='bbox 595 1266 632 1316; x_wconf 78' lang='lat' dir='ltr'>eit</span> <span class='ocrx_word' id='word_1_111' title='bbox 638 1265 807 1331; x_wconf 69' lang='lat' dir='ltr'><em>probaturus</em></span> <span class='ocrx_word' id='word_1_112' title='bbox 816 1262 902 1325; x_wconf 80' lang='lat' dir='ltr'>Deus,</span> <span class='ocrx_word' id='word_1_113' title='bbox 913 1263 1020 1316; x_wconf 66' lang='lat' dir='ltr'>neseio:</span> 
     </span>
     <span class='ocr_line' id='line_1_17' title="bbox 210 1331 1019 1401; baseline -0.002 -13"><span class='ocrx_word' id='word_1_114' title='bbox 210 1345 282 1390; x_wconf 83' lang='lat' dir='ltr'>certe</span> <span class='ocrx_word' id='word_1_115' title='bbox 293 1335 384 1388; x_wconf 75' lang='lat' dir='ltr'>sedulo</span> <span class='ocrx_word' id='word_1_116' title='bbox 397 1334 489 1390; x_wconf 81' lang='lat' dir='ltr'>conati</span> <span class='ocrx_word' id='word_1_117' title='bbox 499 1351 604 1398; x_wconf 73' lang='lat' dir='ltr'>tomos,</span> <span class='ocrx_word' id='word_1_118' title='bbox 614 1344 645 1386; x_wconf 83' lang='lat' dir='ltr'>ot</span> <span class='ocrx_word' id='word_1_119' title='bbox 656 1333 698 1386; x_wconf 79' lang='lat' dir='ltr'>iro·</span> <span class='ocrx_word' id='word_1_120' title='bbox 705 1337 881 1401; x_wconf 73' lang='lat' dir='ltr'>placeremus.</span> <span class='ocrx_word' id='word_1_121' title='bbox 902 1331 957 1386; x_wconf 77' lang='lat' dir='ltr'>Est</span> <span class='ocrx_word' id='word_1_122' title='bbox 969 1331 1019 1386; x_wconf 79' lang='lat' dir='ltr'>mi·</span> 
     </span>
     <span class='ocr_line' id='line_1_18' title="bbox 209 1400 1020 1473; baseline -0.006 -13"><span class='ocrx_word' id='word_1_123' title='bbox 209 1403 239 1460; x_wconf 76' lang='lat' dir='ltr'>in·</span> <span class='ocrx_word' id='word_1_124' title='bbox 250 1415 340 1460; x_wconf 82' lang='lat' dir='ltr'>tamen</span> <span class='ocrx_word' id='word_1_125' title='bbox 351 1406 419 1469; x_wconf 76' lang='lat' dir='ltr'>bona</span> <span class='ocrx_word' id='word_1_126' title='bbox 431 1405 506 1473; x_wconf 62' lang='lat' dir='ltr'>spir,</span> <span class='ocrx_word' id='word_1_127' title='bbox 534 1405 605 1472; x_wconf 76' lang='lat' dir='ltr'>qood</span> <span class='ocrx_word' id='word_1_128' title='bbox 614 1404 661 1456; x_wconf 78' lang='lat' dir='ltr'>ille</span> <span class='ocrx_word' id='word_1_129' title='bbox 670 1413 782 1473; x_wconf 72' lang='lat' dir='ltr'>conotus</span> <span class='ocrx_word' id='word_1_130' title='bbox 792 1412 897 1456; x_wconf 75' lang='lat' dir='ltr'>nostroe</span> <span class='ocrx_word' id='word_1_131' title='bbox 909 1400 1020 1456; x_wconf 76' lang='lat' dir='ltr'>siriani</span> 
     </span>
     <span class='ocr_line' id='line_1_19' title="bbox 210 1471 1019 1534; baseline -0.007 -4"><span class='ocrx_word' id='word_1_132' title='bbox 210 1478 398 1530; x_wconf 77' lang='lat' dir='ltr'>consulturos:</span> <span class='ocrx_word' id='word_1_133' title='bbox 419 1478 461 1528; x_wconf 77' lang='lat' dir='ltr'>vir</span> <span class='ocrx_word' id='word_1_134' title='bbox 471 1476 519 1528; x_wconf 88' lang='lat' dir='ltr'>iilo</span> <span class='ocrx_word' id='word_1_135' title='bbox 530 1476 571 1526; x_wconf 89' lang='lat' dir='ltr'>sic</span> <span class='ocrx_word' id='word_1_136' title='bbox 583 1473 683 1524; x_wconf 84' lang='lat' dir='ltr'>diffidit</span> <span class='ocrx_word' id='word_1_137' title='bbox 698 1471 779 1525; x_wconf 82' lang='lat' dir='ltr'>factis</span> <span class='ocrx_word' id='word_1_138' title='bbox 790 1475 863 1534; x_wconf 85' lang='lat' dir='ltr'>suis,</span> <span class='ocrx_word' id='word_1_139' title='bbox 880 1477 914 1524; x_wconf 89' lang='lat' dir='ltr'>ut</span> <span class='ocrx_word' id='word_1_140' title='bbox 923 1478 1019 1526; x_wconf 87' lang='lat' dir='ltr'>tamen</span> 
     </span>
     <span class='ocr_line' id='line_1_20' title="bbox 210 1543 1018 1613; baseline -0.01 -13"><span class='ocrx_word' id='word_1_141' title='bbox 210 1546 246 1600; x_wconf 88' lang='lat' dir='ltr'>ob</span> <span class='ocrx_word' id='word_1_142' title='bbox 269 1545 356 1597; x_wconf 83' lang='lat' dir='ltr'>animi</span> <span class='ocrx_word' id='word_1_143' title='bbox 373 1545 540 1612; x_wconf 80' lang='lat' dir='ltr'>propensam</span> <span class='ocrx_word' id='word_1_144' title='bbox 557 1545 728 1613; x_wconf 81' lang='lat' dir='ltr'>voluntatem</span> <span class='ocrx_word' id='word_1_145' title='bbox 746 1543 954 1610; x_wconf 88' lang='lat' dir='ltr'>obtemperandi</span> <span class='ocrx_word' id='word_1_146' title='bbox 969 1545 1018 1592; x_wconf 83' lang='lat' dir='ltr'>&#39;ro-</span> 
     </span>
     <span class='ocr_line' id='line_1_21' title="bbox 210 1611 1019 1680; baseline -0.006 -12"><span class='ocrx_word' id='word_1_147' title='bbox 210 1615 311 1668; x_wconf 88' lang='lat' dir='ltr'>luntati</span> <span class='ocrx_word' id='word_1_148' title='bbox 324 1613 446 1676; x_wconf 85' lang='lat' dir='ltr'>divinae,</span> <span class='ocrx_word' id='word_1_149' title='bbox 461 1614 562 1664; x_wconf 86' lang='lat' dir='ltr'>bonam</span> <span class='ocrx_word' id='word_1_150' title='bbox 574 1627 651 1680; x_wconf 85' lang='lat' dir='ltr'>spem</span> <span class='ocrx_word' id='word_1_151' title='bbox 664 1615 835 1679; x_wconf 79' lang='lat' dir='ltr'>conceperit,</span> <span class='ocrx_word' id='word_1_152' title='bbox 851 1612 911 1663; x_wconf 81' lang='lat' dir='ltr'>fore</span> <span class='ocrx_word' id='word_1_153' title='bbox 922 1619 954 1664; x_wconf 91' lang='lat' dir='ltr'>ut</span> <span class='ocrx_word' id='word_1_154' title='bbox 964 1611 1019 1663; x_wconf 84' lang='lat' dir='ltr'>De·</span> 
     </span>
     <span class='ocr_line' id='line_1_22' title="bbox 209 1681 1020 1750; baseline -0.005 -15"><span class='ocrx_word' id='word_1_155' title='bbox 209 1699 245 1736; x_wconf 89' lang='lat' dir='ltr'>us</span> <span class='ocrx_word' id='word_1_156' title='bbox 254 1694 304 1750; x_wconf 85' lang='lat' dir='ltr'>pro</span> <span class='ocrx_word' id='word_1_157' title='bbox 317 1697 368 1734; x_wconf 89' lang='lat' dir='ltr'>sua</span> <span class='ocrx_word' id='word_1_158' title='bbox 377 1683 502 1733; x_wconf 85' lang='lat' dir='ltr'>bonitate</span> <span class='ocrx_word' id='word_1_159' title='bbox 515 1682 577 1733; x_wconf 86' lang='lat' dir='ltr'>boni</span> <span class='ocrx_word' id='word_1_160' title='bbox 587 1683 765 1733; x_wconf 86' lang='lat' dir='ltr'>consulturus</span> <span class='ocrx_word' id='word_1_161' title='bbox 776 1687 864 1744; x_wconf 88' lang='lat' dir='ltr'>esset,-</span> <span class='ocrx_word' id='word_1_162' title='bbox 877 1681 951 1748; x_wconf 81' lang='lat' dir='ltr'>quod</span> <span class='ocrx_word' id='word_1_163' title='bbox 963 1687 1020 1732; x_wconf 84' lang='lat' dir='ltr'>stu·</span> 
     </span>
     <span class='ocr_line' id='line_1_23' title="bbox 209 1749 1019 1817; baseline -0.005 -13"><span class='ocrx_word' id='word_1_164' title='bbox 209 1753 399 1817; x_wconf 72' lang='lat' dir='ltr'>tuissetbene</span> <span class='ocrx_word' id='word_1_165' title='bbox 409 1752 512 1803; x_wconf 81' lang='lat' dir='ltr'>virere.</span> <span class='ocrx_word' id='word_1_166' title='bbox 539 1763 642 1804; x_wconf 76' lang='lat' dir='ltr'>uaris.</span> <span class='ocrx_word' id='word_1_167' title='bbox 663 1751 795 1804; x_wconf 79' lang='lat' dir='ltr'>Profecto</span> <span class='ocrx_word' id='word_1_168' title='bbox 806 1751 949 1803; x_wconf 85' lang='lat' dir='ltr'>mirandus</span> <span class='ocrx_word' id='word_1_169' title='bbox 961 1749 1019 1802; x_wconf 76' lang='lat' dir='ltr'>ruri·</span> 
     </span>
     <span class='ocr_line' id='line_1_24' title="bbox 209 1818 1018 1888; baseline -0.005 -14"><span class='ocrx_word' id='word_1_170' title='bbox 209 1837 269 1874; x_wconf 88' lang='lat' dir='ltr'>mus</span> <span class='ocrx_word' id='word_1_171' title='bbox 280 1823 310 1872; x_wconf 90' lang='lat' dir='ltr'>in</span> <span class='ocrx_word' id='word_1_172' title='bbox 321 1837 368 1883; x_wconf 88' lang='lat' dir='ltr'>eo,</span> <span class='ocrx_word' id='word_1_173' title='bbox 389 1821 437 1888; x_wconf 93' lang='lat' dir='ltr'>qui</span> <span class='ocrx_word' id='word_1_174' title='bbox 448 1818 589 1872; x_wconf 79' lang='lat' dir='ltr'>Christum</span> <span class='ocrx_word' id='word_1_175' title='bbox 601 1837 633 1872; x_wconf 86' lang='lat' dir='ltr'>oc</span> <span class='ocrx_word' id='word_1_176' title='bbox 645 1835 738 1872; x_wconf 85' lang='lat' dir='ltr'>sacros</span> <span class='ocrx_word' id='word_1_177' title='bbox 750 1821 847 1872; x_wconf 84' lang='lat' dir='ltr'>literas</span> <span class='ocrx_word' id='word_1_178' title='bbox 864 1834 920 1871; x_wconf 90' lang='lat' dir='ltr'>non</span> <span class='ocrx_word' id='word_1_179' title='bbox 933 1836 1018 1872; x_wconf 83' lang='lat' dir='ltr'>nore·</span> 
     </span>
     <span class='ocr_line' id='line_1_25' title="bbox 208 1888 1019 1962; baseline -0.004 -18"><span class='ocrx_word' id='word_1_180' title='bbox 208 1896 262 1944; x_wconf 87' lang='lat' dir='ltr'>rat.</span> <span class='ocrx_word' id='word_1_181' title='bbox 287 1890 409 1962; x_wconf 72' lang='lat' dir='ltr'>Proinde</span> <span class='ocrx_word' id='word_1_182' title='bbox 421 1905 503 1957; x_wconf 90' lang='lat' dir='ltr'>quum</span> <span class='ocrx_word' id='word_1_183' title='bbox 516 1888 674 1942; x_wconf 87' lang='lat' dir='ltr'>huiusmodi</span> <span class='ocrx_word' id='word_1_184' title='bbox 685 1890 820 1958; x_wconf 84' lang='lat' dir='ltr'>quaedam</span> <span class='ocrx_word' id='word_1_185' title='bbox 833 1890 897 1956; x_wconf 79' lang='lat' dir='ltr'>lego</span> <span class='ocrx_word' id='word_1_186' title='bbox 910 1889 945 1942; x_wconf 83' lang='lat' dir='ltr'>de</span> <span class='ocrx_word' id='word_1_187' title='bbox 956 1889 1019 1941; x_wconf 70' lang='lat' dir='ltr'>toir-</span> 
     </span>
     <span class='ocr_line' id='line_1_26' title="bbox 208 1958 1018 2030; baseline 0.001 -19"><span class='ocrx_word' id='word_1_188' title='bbox 208 1960 260 2030; x_wconf 86' lang='lat' dir='ltr'>bus</span> <span class='ocrx_word' id='word_1_189' title='bbox 280 1959 362 2022; x_wconf 85' lang='lat' dir='ltr'>riris,</span> <span class='ocrx_word' id='word_1_190' title='bbox 383 1961 428 2012; x_wconf 83' lang='lat' dir='ltr'>vix</span> <span class='ocrx_word' id='word_1_191' title='bbox 446 1958 515 2010; x_wconf 89' lang='lat' dir='ltr'>mihi</span> <span class='ocrx_word' id='word_1_192' title='bbox 533 1967 675 2027; x_wconf 76' lang='lat' dir='ltr'>iunipero,</span> <span class='ocrx_word' id='word_1_193' title='bbox 696 1962 762 2027; x_wconf 86' lang='lat' dir='ltr'>quia</span> <span class='ocrx_word' id='word_1_194' title='bbox 784 1961 890 2019; x_wconf 87' lang='lat' dir='ltr'>dicam,</span> <span class='ocrx_word' id='word_1_195' title='bbox 913 1958 1018 2012; x_wconf 77' lang='lat' dir='ltr'>sancte</span> 
     </span>
     <span class='ocr_line' id='line_1_27' title="bbox 209 2027 1020 2096; baseline -0.004 -14"><span class='ocrx_word' id='word_1_196' title='bbox 209 2029 352 2091; x_wconf 77' lang='lat' dir='ltr'>Socrates,</span> <span class='ocrx_word' id='word_1_197' title='bbox 373 2043 422 2080; x_wconf 85' lang='lat' dir='ltr'>ora</span> <span class='ocrx_word' id='word_1_198' title='bbox 433 2044 483 2095; x_wconf 86' lang='lat' dir='ltr'>pro</span> <span class='ocrx_word' id='word_1_199' title='bbox 494 2029 583 2080; x_wconf 90' lang='lat' dir='ltr'>nobis.</span> <span class='ocrx_word' id='word_1_200' title='bbox 613 2044 660 2081; x_wconf 79' lang='lat' dir='ltr'>oa.</span> <span class='ocrx_word' id='word_1_201' title='bbox 680 2030 717 2080; x_wconf 79' lang='lat' dir='ltr'>At</span> <span class='ocrx_word' id='word_1_202' title='bbox 732 2030 791 2096; x_wconf 84' lang='lat' dir='ltr'>ipse</span> <span class='ocrx_word' id='word_1_203' title='bbox 803 2027 871 2080; x_wconf 88' lang='lat' dir='ltr'>mihi</span> <span class='ocrx_word' id='word_1_204' title='bbox 884 2043 1020 2096; x_wconf 85' lang='lat' dir='ltr'>saepenu-</span> 
     </span>
     <span class='ocr_line' id='line_1_28' title="bbox 208 2097 1018 2166; baseline -0.01 -10"><span class='ocrx_word' id='word_1_205' title='bbox 208 2114 286 2156; x_wconf 84' lang='lat' dir='ltr'>mero</span> <span class='ocrx_word' id='word_1_206' title='bbox 298 2104 509 2166; x_wconf 82' lang='lat' dir='ltr'>nontenrpero,</span> <span class='ocrx_word' id='word_1_207' title='bbox 529 2100 596 2165; x_wconf 90' lang='lat' dir='ltr'>quin</span> <span class='ocrx_word' id='word_1_208' title='bbox 615 2100 686 2151; x_wconf 84' lang='lat' dir='ltr'>bene</span> <span class='ocrx_word' id='word_1_209' title='bbox 703 2101 809 2164; x_wconf 80' lang='lat' dir='ltr'>onriner</span> <span class='ocrx_word' id='word_1_210' title='bbox 826 2103 941 2150; x_wconf 85' lang='lat' dir='ltr'>sunctae</span> <span class='ocrx_word' id='word_1_211' title='bbox 958 2097 1018 2148; x_wconf 86' lang='lat' dir='ltr'>ani-</span> 
     </span>
     <span class='ocr_line' id='line_1_29' title="bbox 209 2167 1016 2236; baseline -0.004 -15"><span class='ocrx_word' id='word_1_212' title='bbox 209 2183 271 2221; x_wconf 86' lang='lat' dir='ltr'>mac</span> <span class='ocrx_word' id='word_1_213' title='bbox 281 2169 409 2224; x_wconf 77' lang='lat' dir='ltr'>Maronis</span> <span class='ocrx_word' id='word_1_214' title='bbox 426 2175 455 2220; x_wconf 88' lang='lat' dir='ltr'>et</span> <span class='ocrx_word' id='word_1_215' title='bbox 474 2167 576 2221; x_wconf 81' lang='lat' dir='ltr'>Flacci.</span> <span class='ocrx_word' id='word_1_216' title='bbox 606 2183 709 2222; x_wconf 78' lang='lat' dir='ltr'>nuru.</span> <span class='ocrx_word' id='word_1_217' title='bbox 739 2168 776 2219; x_wconf 79' lang='lat' dir='ltr'>at</span> <span class='ocrx_word' id='word_1_218' title='bbox 795 2184 847 2236; x_wconf 82' lang='lat' dir='ltr'>ego</span> <span class='ocrx_word' id='word_1_219' title='bbox 868 2173 939 2234; x_wconf 86' lang='lat' dir='ltr'>quot</span> <span class='ocrx_word' id='word_1_220' title='bbox 960 2167 1016 2218; x_wconf 82' lang='lat' dir='ltr'>ridi</span> 
     </span>
     <span class='ocr_line' id='line_1_30' title="bbox 209 2235 1019 2306; baseline -0.002 -16"><span class='ocrx_word' id='word_1_221' title='bbox 209 2237 396 2302; x_wconf 78' lang='lat' dir='ltr'>Christianos,</span> <span class='ocrx_word' id='word_1_222' title='bbox 408 2253 488 2306; x_wconf 87' lang='lat' dir='ltr'>quam</span> <span class='ocrx_word' id='word_1_223' title='bbox 502 2237 605 2306; x_wconf 79' lang='lat' dir='ltr'>frigide</span> <span class='ocrx_word' id='word_1_224' title='bbox 615 2237 781 2290; x_wconf 89' lang='lat' dir='ltr'>morientes!</span> <span class='ocrx_word' id='word_1_225' title='bbox 795 2235 913 2305; x_wconf 71' lang='lat' dir='ltr'>Quidam</span> <span class='ocrx_word' id='word_1_226' title='bbox 928 2235 1019 2288; x_wconf 80' lang='lat' dir='ltr'>fidunt</span> 
     </span>
    </p>

    <p class='ocr_par' dir='ltr' id='par_1_13' title="bbox 83 2305 1039 2792">
     <span class='ocr_line' id='line_1_31' title="bbox 209 2305 1039 2374; baseline 0 -18"><span class='ocrx_word' id='word_1_227' title='bbox 209 2305 240 2356; x_wconf 88' lang='lat' dir='ltr'>in</span> <span class='ocrx_word' id='word_1_228' title='bbox 251 2306 293 2356; x_wconf 91' lang='lat' dir='ltr'>his</span> <span class='ocrx_word' id='word_1_229' title='bbox 304 2309 403 2370; x_wconf 87' lang='lat' dir='ltr'>rebus,</span> <span class='ocrx_word' id='word_1_230' title='bbox 434 2309 531 2374; x_wconf 83' lang='lat' dir='ltr'>quibus</span> <span class='ocrx_word' id='word_1_231' title='bbox 543 2313 651 2360; x_wconf 86' lang='lat' dir='ltr'>nonest</span> <span class='ocrx_word' id='word_1_232' title='bbox 663 2307 819 2360; x_wconf 82' lang='lat' dir='ltr'>fidendum:</span> <span class='ocrx_word' id='word_1_233' title='bbox 852 2305 964 2372; x_wconf 87' lang='lat' dir='ltr'>quidam</span> <span class='ocrx_word' id='word_1_234' title='bbox 982 2305 1016 2356; x_wconf 87' lang='lat' dir='ltr'>ob</span> <span class='ocrx_word' id='word_1_235' title='bbox 1036 2361 1039 2366; x_wconf 49' lang='grc'>,</span> 
     </span>
     <span class='ocr_line' id='line_1_32' title="bbox 212 2373 1018 2444; baseline 0.001 -19"><span class='ocrx_word' id='word_1_236' title='bbox 212 2377 408 2426; x_wconf 85' lang='lat' dir='ltr'>conscientiam</span> <span class='ocrx_word' id='word_1_237' title='bbox 421 2377 557 2428; x_wconf 86' lang='lat' dir='ltr'>scelerum</span> <span class='ocrx_word' id='word_1_238' title='bbox 570 2383 599 2428; x_wconf 89' lang='lat' dir='ltr'>et</span> <span class='ocrx_word' id='word_1_239' title='bbox 610 2376 771 2443; x_wconf 83' lang='lat' dir='ltr'>scrupulos,</span> <span class='ocrx_word' id='word_1_240' title='bbox 798 2375 897 2444; x_wconf 84' lang='lat' dir='ltr'>quihus</span> <span class='ocrx_word' id='word_1_241' title='bbox 909 2373 1018 2444; x_wconf 72' lang='lat' dir='ltr'>indocti</span> 
     </span>
     <span class='ocr_line' id='line_1_33' title="bbox 212 2441 1017 2512; baseline 0.002 -19"><span class='ocrx_word' id='word_1_242' title='bbox 212 2441 727 2512; x_wconf 69' lang='lat' dir='ltr'>quidam‘obstrepuntmorituro,pene</span> <span class='ocrx_word' id='word_1_243' title='bbox 740 2445 919 2512; x_wconf 82' lang='lat' dir='ltr'>desperantes</span> <span class='ocrx_word' id='word_1_244' title='bbox 932 2442 1017 2495; x_wconf 86' lang='lat' dir='ltr'>exha-</span> 
     </span>
     <span class='ocr_line' id='line_1_34' title="bbox 209 2509 1017 2586; baseline 0.004 -24"><span class='ocrx_word' id='word_1_245' title='bbox 209 2509 272 2564; x_wconf 90' lang='lat' dir='ltr'>lant</span> <span class='ocrx_word' id='word_1_246' title='bbox 283 2513 411 2564; x_wconf 86' lang='lat' dir='ltr'>animam.</span> <span class='ocrx_word' id='word_1_247' title='bbox 433 2527 479 2564; x_wconf 80' lang='lat' dir='ltr'>crr.</span> <span class='ocrx_word' id='word_1_248' title='bbox 498 2514 682 2586; x_wconf 26' lang='lat' dir='ltr'>Neelmirum,</span> <span class='ocrx_word' id='word_1_249' title='bbox 701 2529 748 2567; x_wconf 86' lang='lat' dir='ltr'>eos</span> <span class='ocrx_word' id='word_1_250' title='bbox 758 2515 798 2566; x_wconf 91' lang='lat' dir='ltr'>sic</span> <span class='ocrx_word' id='word_1_251' title='bbox 808 2514 891 2575; x_wconf 88' lang='lat' dir='ltr'>mori,</span> <span class='ocrx_word' id='word_1_252' title='bbox 907 2512 956 2578; x_wconf 83' lang='lat' dir='ltr'>qui</span> <span class='ocrx_word' id='word_1_253' title='bbox 966 2526 1017 2580; x_wconf 84' lang='lat' dir='ltr'>per</span> 
     </span>
     <span class='ocr_line' id='line_1_35' title="bbox 140 2580 1017 2650; baseline 0.002 -20"><span class='ocrx_word' id='word_1_254' title='bbox 140 2581 143 2590; x_wconf 95' lang='lat'>&#39;</span> <span class='ocrx_word' id='word_1_255' title='bbox 165 2631 169 2636; x_wconf 81' lang='grc'><em>,</em></span> <span class='ocrx_word' id='word_1_256' title='bbox 211 2594 320 2632; x_wconf 89' lang='lat' dir='ltr'>omnem</span> <span class='ocrx_word' id='word_1_257' title='bbox 331 2581 415 2631; x_wconf 87' lang='lat' dir='ltr'>vitam</span> <span class='ocrx_word' id='word_1_258' title='bbox 427 2587 534 2634; x_wconf 86' lang='lat' dir='ltr'>tantum</span> <span class='ocrx_word' id='word_1_259' title='bbox 547 2581 736 2650; x_wconf 75' lang='lat' dir='ltr'>philosophati</span> <span class='ocrx_word' id='word_1_260' title='bbox 748 2589 812 2634; x_wconf 87' lang='lat' dir='ltr'>sunt</span> <span class='ocrx_word' id='word_1_261' title='bbox 823 2583 851 2632; x_wconf 89' lang='lat' dir='ltr'>in</span> <span class='ocrx_word' id='word_1_262' title='bbox 862 2580 1017 2634; x_wconf 82' lang='lat' dir='ltr'>ceremoni-</span> 
     </span>
     <span class='ocr_line' id='line_1_36' title="bbox 83 2647 1016 2723; baseline 0.002 -23"><span class='ocrx_word' id='word_1_263' title='bbox 83 2709 91 2723; x_wconf 30' lang='grc' dir='ltr'><em>β</em></span> <span class='ocrx_word' id='word_1_264' title='bbox 210 2651 246 2704; x_wconf 83' lang='lat' dir='ltr'>is.</span> <span class='ocrx_word' id='word_1_265' title='bbox 273 2663 374 2702; x_wconf 75' lang='lat' dir='ltr'>asra.</span> <span class='ocrx_word' id='word_1_266' title='bbox 408 2650 482 2711; x_wconf 78' lang='lat' dir='ltr'>Quid</span> <span class='ocrx_word' id='word_1_267' title='bbox 493 2651 673 2704; x_wconf 86' lang='lat' dir='ltr'>isthucrerbi</span> <span class='ocrx_word' id='word_1_268' title='bbox 684 2655 744 2706; x_wconf 71' lang='lat' dir='ltr'>esti</span> <span class='ocrx_word' id='word_1_269' title='bbox 774 2667 820 2704; x_wconf 82' lang='lat' dir='ltr'>cu.</span> <span class='ocrx_word' id='word_1_270' title='bbox 832 2649 945 2714; x_wconf 81' lang='lat' dir='ltr'>Dicam,</span> <span class='ocrx_word' id='word_1_271' title='bbox 966 2647 1016 2702; x_wconf 82' lang='lat' dir='ltr'>sed</span> 
     </span>
     <span class='ocr_line' id='line_1_37' title="bbox 124 2716 1015 2792; baseline -0.001 -20"><span class='ocrx_word' id='word_1_272' title='bbox 124 2774 129 2778; x_wconf 75' lang='grc'>,</span> <span class='ocrx_word' id='word_1_273' title='bbox 211 2716 282 2792; x_wconf 80' lang='lat' dir='ltr'>illuri</span> <span class='ocrx_word' id='word_1_274' title='bbox 293 2718 376 2772; x_wconf 87' lang='lat' dir='ltr'>etiam</span> <span class='ocrx_word' id='word_1_275' title='bbox 387 2724 471 2786; x_wconf 84' lang='lat' dir='ltr'>atque</span> <span class='ocrx_word' id='word_1_276' title='bbox 483 2721 567 2774; x_wconf 88' lang='lat' dir='ltr'>etiam</span> <span class='ocrx_word' id='word_1_277' title='bbox 579 2721 736 2789; x_wconf 83' lang='lat' dir='ltr'>praefatus,</span> <span class='ocrx_word' id='word_1_278' title='bbox 747 2736 790 2784; x_wconf 83' lang='lat' dir='ltr'>me</span> <span class='ocrx_word' id='word_1_279' title='bbox 804 2735 859 2772; x_wconf 90' lang='lat' dir='ltr'>non</span> <span class='ocrx_word' id='word_1_280' title='bbox 872 2719 1015 2784; x_wconf 81' lang='lat' dir='ltr'>damnare,</span> 
     </span>
    </p>
   </div>
   <div class='ocr_carea' id='block_1_5' title="bbox 0 0 1086 3198">
    <p class='ocr_par' dir='ltr' id='par_1_14' title="bbox 0 0 1086 3198">
     <span class='ocr_line' id='line_1_38' title="bbox 0 0 1086 3198; baseline 0 0"><span class='ocrx_word' id='word_1_281' title='bbox 0 0 1086 3198; x_wconf 95' lang='lat' dir='ltr'> </span> 
     </span>
    </p>
   </div>
  </div>
 </body>
</html>
