2160 3192
139 256 146 268 .
185 204 238 266 mo
351 202 640 270 coaaoamam
663 181 825 260 aaaron.
879 176 881 182 ’
917 257 919 262 ,

125 317 131 323 “
184 311 641 373 nullaaesttmtaeanimidolor,
671 326 752 379 quem
772 309 866 381 patiar
878 323 989 364 menam
1077 339 1078 352 ι

183 383 225 434 ire
236 381 367 435 cubitum.
403 395 449 433 aa.
472 381 548 434 Nihil
567 382 684 443 mirum,
705 381 731 432 ai
745 388 776 431 tu
788 398 841 431 non
854 385 990 444 senescis,

183 452 230 518 qui
243 451 295 503 tali
307 455 345 502 eis
355 453 457 504 animo.
485 465 532 502 aa.
548 455 638 518 Atque
650 451 721 502 adeo
732 449 842 518 nequid
855 451 990 504 reticeam

184 520 257 586 apud
270 523 388 584 amicos,
409 521 566 588 cumprimis
578 521 655 582 cari,
673 520 789 587 nequid
800 517 905 587 flagitii
915 535 991 575 eom·
1029 562 1034 566 -

147 643 150 648 ,
184 592 341 652 mitterem,
352 591 427 658 qnod
438 592 483 642 rel
494 589 561 644 mihi
571 592 615 642 rel
627 591 724 641 liberis
732 589 799 640 oreis
812 591 915 656 probro
928 605 991 643 esee

183 666 287 726 posset.
308 658 384 712 Nihil
395 661 467 714 enim
480 659 663 726 irrequietius
674 659 766 712 anima
777 660 832 710 siai
842 655 916 711 niele
928 675 991 711 oon·

184 728 252 780 scio.
268 729 382 790 Quodsi
394 729 460 797 quid
471 729 568 795 cnlpae
581 731 730 781 admissum
745 737 902 792 estuante
915 730 997 781 rubi·

182 803 241 849 tum
254 799 330 863 plius
342 813 421 866 qoam
433 798 548 852 melleo
566 799 761 850 reconciliato.
796 802 890 854 Venae
910 804 993 855 traina

183 868 343 934 (guiniterii,
364 883 423 929 sea,
436 868 584 924 ntGreeea
595 870 702 932 dicam,
721 865 852 932 εὐθυμίας
862 867 927 918 lons
938 873 991 927 eat,

121 937 126 942 '
183 937 255 990 bene
266 943 414 990 convenire
425 954 485 990 oum
496 939 567 990 Deo.
578 940 649 990 Noni
661 941 707 1005 qai
719 940 758 990 sic
769 938 872 996 vivunt,
885 935 929 986 liis
939 951 990 988 nea

183 1003 310 1060 homines
320 1015 599 1074 magnoperanoeere
610 1015 733 1076 poseant.
759 1017 808 1076 aa.
817 1003 891 1056 Num
903 1017 990 1072 quan·-

183 1074 221 1128 do
231 1083 260 1128 ta
269 1079 377 1130 cruciat
388 1083 477 1128 matus
489 1077 606 1130 niortisl
627 1091 673 1128 ar..
692 1073 787 1126 Nihilo
800 1075 890 1142 magis
903 1090 989 1143 qnam

183 1151 309 1196 macerat
322 1144 381 1196 dies
392 1145 558 1196 nativitatis.
580 1145 644 1197 Scio
656 1144 843 1196 moriendum:
855 1146 912 1195 ista
924 1145 991 1196 eoli-

184 1213 279 1266 oltado
291 1211 418 1266 fortassis
431 1214 535 1266 adimat
545 1214 612 1266 mihi
625 1216 734 1280 aliquot
746 1216 819 1264 vitae
831 1213 899 1275 diae,
912 1219 989 1265 certe

183 1280 253 1333 ninii
265 1284 354 1347 possit
365 1281 496 1338 adiicere.
505 1285 611 1351 ¹itaque
622 1290 711 1336 totam
725 1282 794 1333 hane
804 1296 899 1333 caram
910 1297 1001 1349 supa.

89 1356 93 1362 “
183 1352 395 1404 ιίιιοιιιιιιίιιοι
417 1353 477 1419 ipae
488 1353 556 1405 nihil
566 1355 642 1406 aliud
661 1367 744 1415 aare,
766 1367 846 1418 qaam
867 1356 898 1402 ut
918 1353 990 1404 bene

183 1420 362 1489 suaviterque
372 1423 472 1476 vivam.
494 1424 555 1475 Non
568 1429 764 1490 potestantem
778 1422 917 1483 suaviter,
933 1421 991 1475 nisi

77 1497 81 1502 “
182 1491 233 1612 gui
243 1489 324 1548 bene.
344 1493 495 1560 emingo
507 1507 683 1545 senescerent
693 1490 835 1552 taedin,si
847 1495 989 1542 totannoa

203 1575 312 1627 egerem
331 1562 359 1610 in
381 1561 478 1614 eadem
498 1565 582 1625 urbe,
602 1562 711 1614 etiamsi
724 1561 827 1612 Romae
843 1561 990 1628 contingat

181 1631 285 1680 virere.
311 1643 358 1680 aa.
381 1629 476 1682 Habet
496 1633 606 1697 quidem
627 1630 683 1681 loci
702 1633 819 1680 oratorio
836 1629 988 1697 voluptatis

181 1696 320 1748 nonnihil:
352 1697 520 1765 longinquae
541 1713 607 1749 rere
621 1699 865 1766 peregrinationes
883 1707 914 1750 nt
926 1715 989 1766 pru·

31 1788 33 1798 ·
122 1805 128 1820 ,
181 1765 304 1819 dentiam
315 1767 421 1822 addant
430 1767 578 1831 fortassis,
591 1769 632 1818 ita
644 1768 791 1833 plurimam
803 1766 906 1820 habeut
918 1769 989 1836 peri-

181 1835 331 1886 culorum·
353 1835 425 1886 Mihi
442 1835 540 1887 videor
558 1839 645 1889 tutius
661 1844 751 1888 totum
763 1837 989 1891 tirbemobirein
1011 1892 1014 1900 ,

181 1901 278 1954 tabula
298 1902 505 1971 geographica,
523 1921 613 1974 neque
628 1908 711 1972 paulo
727 1908 791 1974 plus
801 1904 896 1960 nidere
907 1911 936 1960 in
948 1907 990 1959 hi·

180 1973 291 2032 storiis,
311 1987 392 2039 quani
403 1977 425 2026 si
437 1975 536 2042 viginti
547 1982 623 2029 totos
635 1991 738 2040 annos,
759 1977 793 2028 ad
811 1977 919 2045 Ulyssie
942 1993 988 2031 ex·

181 2043 312 2110 emplum,
322 2057 372 2109 per
380 2049 488 2106 omneis
499 2052 589 2098 terras
600 2047 744 2114 mariaque
753 2046 912 2099 volitarem.
930 2049 989 2100 Ha·

155 2111 158 2116 “
180 2113 234 2164 beo
246 2113 436 2179 praediolum,
456 2114 531 2182 quad
545 2117 624 2168 abest
634 2117 670 2167 ab
680 2118 751 2168 orbe
760 2131 816 2169 non
830 2117 892 2182 plus
903 2131 989 2183 quam

82 2197 85 2205 ¹
181 2179 291 2234 duabus
303 2185 560 2250 nrillibuspaseuum
571 2203 576 2235 ι
589 2186 832 2254 ibinonnanqaam
841 2187 987 2238 exurliaaa

182 2250 219 2300 lio
231 2253 368 2305 rusticas:
390 2260 474 2322 atque
485 2255 523 2306 ibi
536 2261 676 2308 recreatus
687 2255 772 2308 redeo
786 2271 875 2308 novus
886 2255 989 2322 hospes

100 2382 105 2386 ἱ
182 2317 210 2368 in
222 2321 334 2372 arbem:
354 2337 406 2374 nea
417 2323 501 2376 aliter
511 2324 604 2375 salnto
617 2340 649 2376 ae
659 2325 787 2388 salutar,
808 2341 889 2392 qaam
911 2328 934 2376 si
946 2341 988 2377 re·

181 2388 356 2454 navigassem
369 2406 404 2442 ex
416 2385 515 2446 insulis
526 2397 613 2460 aliper-
624 2394 754 2446 inventis.
791 2408 838 2445 aa.
859 2394 922 2446 Non
938 2394 986 2445 ad·

179 2455 260 2507 iuras
269 2456 455 2513 valetudinem
467 2463 640 2528 pharnmois'i
653 2462 780 2514 omNihil
792 2462 859 2514 mihi
871 2467 911 2516 rei
921 2477 983 2516 carn

179 2524 307 2582 medicis.
326 2527 386 2580 Nec
396 2530 482 2581 incidi
492 2530 590 2582 lenam
603 2533 930 2598 uniiunnmecdevoravi
941 2548 984 2584 ea·

179 2594 297 2659 tapetia,
308 2612 360 2647 nec
370 2596 449 2647 hausi
460 2601 595 2664 potiones,
615 2600 644 2650 Si
655 2602 722 2667 quid
733 2602 861 2654 oboritur
872 2602 985 2653 laseita·

178 2662 267 2725 dinis,
300 2665 492 2720 moderatione
504 2669 594 2719 victus
602 2676 652 2718 aut
663 2671 845 2723 rusticatione
855 2671 984 2738 propello

179 2732 292 2787 maium.
309 2746 359 2784 am
368 2732 483 2788 Nihilne
493 2738 546 2790 tibi
559 2751 623 2790 eam
635 2739 755 2792 etodiiat
774 2754 820 2794 aa.
831 2741 891 2797 Eat.
910 2740 986 2810 Nam
