<?xml version="1.0" encoding="UTF-8"?>
<!DOCTYPE html PUBLIC "-//W3C//DTD XHTML 1.0 Transitional//EN"
    "http://www.w3.org/TR/xhtml1/DTD/xhtml1-transitional.dtd">
<html xmlns="http://www.w3.org/1999/xhtml" xml:lang="en" lang="en">
 <head>
  <title>
</title>
<meta http-equiv="Content-Type" content="text/html;charset=utf-8" />
  <meta name='ocr-system' content='tesseract 3.04.00' />
  <meta name='ocr-capabilities' content='ocr_page ocr_carea ocr_par ocr_line ocrx_word'/>
</head>
<body>
  <div class='ocr_page' id='page_1' title='image "./desideriierasmi00erasgoog_0074.png"; bbox 0 0 2132 3196; ppageno 0'>
   <div class='ocr_carea' id='block_1_1' title="bbox 84 164 898 286">
    <p class='ocr_par' dir='ltr' id='par_1_1' title="bbox 84 164 898 286">
     <span class='ocr_line' id='line_1_1' title="bbox 84 164 898 286; baseline -0.021 -11"><span class='ocrx_word' id='word_1_1' title='bbox 84 211 87 219; x_wconf 80' lang='grc'>’</span> <span class='ocrx_word' id='word_1_2' title='bbox 120 164 126 227; x_wconf 36' lang='lat'><strong>&#39;¹</strong></span> <span class='ocrx_word' id='word_1_3' title='bbox 199 221 235 274; x_wconf 75' lang='lat' dir='ltr'><strong>os</strong></span> <span class='ocrx_word' id='word_1_4' title='bbox 314 208 618 286; x_wconf 80' lang='lat' dir='ltr'><strong>rurrrnuornn</strong></span> <span class='ocrx_word' id='word_1_5' title='bbox 638 195 898 266; x_wconf 72' lang='lat' dir='ltr'><strong>cortorulum:</strong></span> 
     </span>
    </p>
   </div>
   <div class='ocr_carea' id='block_1_2' title="bbox 128 255 1063 1512">
    <p class='ocr_par' dir='ltr' id='par_1_2' title="bbox 128 255 1063 599">
     <span class='ocr_line' id='line_1_2' title="bbox 128 255 1063 387; baseline -0.026 -11"><span class='ocrx_word' id='word_1_6' title='bbox 128 335 129 338; x_wconf 73' lang='grc'>’</span> <span class='ocrx_word' id='word_1_7' title='bbox 202 321 337 374; x_wconf 80' lang='lat' dir='ltr'><strong>uenirem.</strong></span> <span class='ocrx_word' id='word_1_8' title='bbox 360 319 396 387; x_wconf 83' lang='lat' dir='ltr'><strong>Ni</strong></span> <span class='ocrx_word' id='word_1_9' title='bbox 407 318 437 368; x_wconf 91' lang='lat' dir='ltr'><strong>id</strong></span> <span class='ocrx_word' id='word_1_10' title='bbox 448 322 535 378; x_wconf 87' lang='lat' dir='ltr'><strong>esset,</strong></span> <span class='ocrx_word' id='word_1_11' title='bbox 550 313 625 366; x_wconf 81' lang='lat' dir='ltr'><strong>haud</strong></span> <span class='ocrx_word' id='word_1_12' title='bbox 636 309 774 381; x_wconf 77' lang='lat' dir='ltr'><strong>gravatim</strong></span> <span class='ocrx_word' id='word_1_13' title='bbox 786 307 917 360; x_wconf 79' lang='lat' dir='ltr'><strong>facerem.</strong></span> <span class='ocrx_word' id='word_1_14' title='bbox 929 293 1015 378; x_wconf 73' lang='lat' dir='ltr'><strong>Quod</strong></span> <span class='ocrx_word' id='word_1_15' title='bbox 1043 319 1046 335; x_wconf 77' lang='lat'><strong>.</strong></span> <span class='ocrx_word' id='word_1_16' title='bbox 1061 255 1063 352; x_wconf 65' lang='grc'>1</span> 
     </span>
     <span class='ocr_line' id='line_1_3' title="bbox 203 375 1016 448; baseline -0.021 -5"><span class='ocrx_word' id='word_1_17' title='bbox 203 391 331 448; x_wconf 71' lang='lat' dir='ltr'><strong>uicisset,</strong></span> <span class='ocrx_word' id='word_1_18' title='bbox 344 387 418 439; x_wconf 83' lang='lat' dir='ltr'><strong>haud</strong></span> <span class='ocrx_word' id='word_1_19' title='bbox 430 403 473 438; x_wconf 91' lang='lat' dir='ltr'><strong>me</strong></span> <span class='ocrx_word' id='word_1_20' title='bbox 486 386 536 437; x_wconf 90' lang='lat' dir='ltr'><strong>tibi</strong></span> <span class='ocrx_word' id='word_1_21' title='bbox 548 384 688 435; x_wconf 83' lang='lat' dir='ltr'><strong>difficilem</strong></span> <span class='ocrx_word' id='word_1_22' title='bbox 700 375 873 448; x_wconf 78' lang='lat' dir='ltr'><strong>praebet-em.</strong></span> <span class='ocrx_word' id='word_1_23' title='bbox 895 375 958 428; x_wconf 85' lang='lat' dir='ltr'><strong>Non</strong></span> <span class='ocrx_word' id='word_1_24' title='bbox 968 391 1016 427; x_wconf 80' lang='lat' dir='ltr'><strong>ex·</strong></span> 
     </span>
     <span class='ocr_line' id='line_1_4' title="bbox 208 446 1020 520; baseline -0.018 -9"><span class='ocrx_word' id='word_1_25' title='bbox 208 465 347 518; x_wconf 57' lang='lat' dir='ltr'><strong>nutaretur</strong></span> <span class='ocrx_word' id='word_1_26' title='bbox 369 457 394 508; x_wconf 87' lang='lat' dir='ltr'><strong>si</strong></span> <span class='ocrx_word' id='word_1_27' title='bbox 405 457 516 507; x_wconf 85' lang='lat' dir='ltr'><strong>liceret.</strong></span> <span class='ocrx_word' id='word_1_28' title='bbox 529 453 598 506; x_wconf 88' lang='lat' dir='ltr'><strong>&#39;Non</strong></span> <span class='ocrx_word' id='word_1_29' title='bbox 611 459 722 520; x_wconf 87' lang='lat' dir='ltr'><strong>puterer</strong></span> <span class='ocrx_word' id='word_1_30' title='bbox 733 449 777 501; x_wconf 87' lang='lat' dir='ltr'><strong>bis</strong></span> <span class='ocrx_word' id='word_1_31' title='bbox 788 447 894 514; x_wconf 79' lang='lat' dir='ltr'><strong>rogari,</strong></span> <span class='ocrx_word' id='word_1_32' title='bbox 914 446 939 496; x_wconf 91' lang='lat' dir='ltr'><strong>si</strong></span> <span class='ocrx_word' id='word_1_33' title='bbox 950 456 1020 511; x_wconf 60' lang='lat' dir='ltr'><strong>quer</strong></span> 
     </span>
     <span class='ocr_line' id='line_1_5' title="bbox 209 515 1018 599; baseline -0.021 -18"><span class='ocrx_word' id='word_1_34' title='bbox 209 532 263 582; x_wconf 83' lang='lat' dir='ltr'><strong>ani.</strong></span> <span class='ocrx_word' id='word_1_35' title='bbox 286 527 372 599; x_wconf 66' lang='lat' dir='ltr'><strong>Rurce</strong></span> <span class='ocrx_word' id='word_1_36' title='bbox 381 539 497 592; x_wconf 83' lang='lat' dir='ltr'><strong>rogare,</strong></span> <span class='ocrx_word' id='word_1_37' title='bbox 509 523 554 574; x_wconf 88' lang='lat' dir='ltr'><strong>rel</strong></span> <span class='ocrx_word' id='word_1_38' title='bbox 564 525 709 573; x_wconf 76' lang='lat' dir='ltr'><strong>invocatus</strong></span> <span class='ocrx_word' id='word_1_39' title='bbox 720 519 855 577; x_wconf 82' lang='lat' dir='ltr'><strong>adessem,</strong></span> <span class='ocrx_word' id='word_1_40' title='bbox 866 515 890 566; x_wconf 91' lang='lat' dir='ltr'><strong>si</strong></span> <span class='ocrx_word' id='word_1_41' title='bbox 900 527 957 581; x_wconf 88' lang='lat' dir='ltr'><strong>quo</strong></span> <span class='ocrx_word' id='word_1_42' title='bbox 968 527 1018 580; x_wconf 57' lang='lat' dir='ltr'><strong>pei</strong></span> 
     </span>
    </p>

    <p class='ocr_par' dir='ltr' id='par_1_3' title="bbox 188 583 1019 934">
     <span class='ocr_line' id='line_1_6' title="bbox 188 583 1016 660; baseline -0.018 -10"><span class='ocrx_word' id='word_1_43' title='bbox 188 612 190 615; x_wconf 85' lang='lat'>·</span> <span class='ocrx_word' id='word_1_44' title='bbox 211 604 256 649; x_wconf 86' lang='lat' dir='ltr'><strong>eto</strong></span> <span class='ocrx_word' id='word_1_45' title='bbox 267 595 375 648; x_wconf 85' lang='lat' dir='ltr'><strong>liceret.</strong></span> <span class='ocrx_word' id='word_1_46' title='bbox 394 594 479 645; x_wconf 84' lang='lat' dir='ltr'>Haud</span> <span class='ocrx_word' id='word_1_47' title='bbox 490 599 604 660; x_wconf 79' lang='lat' dir='ltr'><strong>grarnte</strong></span> <span class='ocrx_word' id='word_1_48' title='bbox 613 590 667 642; x_wconf 86' lang='lat' dir='ltr'><strong>tibi</strong></span> <span class='ocrx_word' id='word_1_49' title='bbox 678 591 854 654; x_wconf 76' lang='lat' dir='ltr'>obsequerer,</span> <span class='ocrx_word' id='word_1_50' title='bbox 865 583 888 635; x_wconf 83' lang='lat' dir='ltr'><strong>ei</strong></span> <span class='ocrx_word' id='word_1_51' title='bbox 900 587 1016 650; x_wconf 84' lang='lat' dir='ltr'><strong>possim.</strong></span> 
     </span>
     <span class='ocr_line' id='line_1_7' title="bbox 210 654 1016 730; baseline -0.017 -13"><span class='ocrx_word' id='word_1_52' title='bbox 210 666 327 718; x_wconf 81' lang='lat' dir='ltr'><strong>Frustra</strong></span> <span class='ocrx_word' id='word_1_53' title='bbox 339 677 423 730; x_wconf 84' lang='lat' dir='ltr'><strong>rogas</strong></span> <span class='ocrx_word' id='word_1_54' title='bbox 435 678 510 724; x_wconf 90' lang='lat' dir='ltr'><strong>eum,</strong></span> <span class='ocrx_word' id='word_1_55' title='bbox 520 663 563 713; x_wconf 91' lang='lat' dir='ltr'><strong>cui</strong></span> <span class='ocrx_word' id='word_1_56' title='bbox 575 675 630 710; x_wconf 89' lang='lat' dir='ltr'><strong>non</strong></span> <span class='ocrx_word' id='word_1_57' title='bbox 642 667 685 711; x_wconf 82' lang='lat' dir='ltr'><strong>est</strong></span> <span class='ocrx_word' id='word_1_58' title='bbox 692 658 821 709; x_wconf 71' lang='lat' dir='ltr'><strong>liteinins</strong></span> <span class='ocrx_word' id='word_1_59' title='bbox 832 654 938 709; x_wconf 78' lang='lat' dir='ltr'><strong>frustm</strong></span> <span class='ocrx_word' id='word_1_60' title='bbox 949 655 1016 704; x_wconf 81' lang='lat' dir='ltr'><strong>itenr</strong></span> 
     </span>
     <span class='ocr_line' id='line_1_8' title="bbox 211 722 1019 802; baseline -0.021 -13"><span class='ocrx_word' id='word_1_61' title='bbox 211 741 378 802; x_wconf 75' lang='lat' dir='ltr'><strong>rogaturus,</strong></span> <span class='ocrx_word' id='word_1_62' title='bbox 398 733 423 783; x_wconf 82' lang='lat' dir='ltr'><strong>si</strong></span> <span class='ocrx_word' id='word_1_63' title='bbox 432 732 552 784; x_wconf 87' lang='lat' dir='ltr'><strong>liberum</strong></span> <span class='ocrx_word' id='word_1_64' title='bbox 564 735 646 780; x_wconf 84' lang='lat' dir='ltr'><strong>esset.</strong></span> <span class='ocrx_word' id='word_1_65' title='bbox 666 729 757 788; x_wconf 88' lang='lat' dir='ltr'><strong>Nunc,</strong></span> <span class='ocrx_word' id='word_1_66' title='bbox 767 730 799 776; x_wconf 89' lang='lat' dir='ltr'><strong>ut</strong></span> <span class='ocrx_word' id='word_1_67' title='bbox 811 725 929 775; x_wconf 79' lang='lat' dir='ltr'><strong>mesime</strong></span> <span class='ocrx_word' id='word_1_68' title='bbox 941 722 1019 789; x_wconf 84' lang='lat' dir='ltr'><strong>cupi·</strong></span> 
     </span>
     <span class='ocr_line' id='line_1_9' title="bbox 213 797 1018 869; baseline -0.02 -12"><span class='ocrx_word' id='word_1_69' title='bbox 213 820 272 866; x_wconf 82' lang='lat' dir='ltr'><strong>um,</strong></span> <span class='ocrx_word' id='word_1_70' title='bbox 283 802 345 854; x_wconf 82' lang='lat' dir='ltr'><strong>‘non</strong></span> <span class='ocrx_word' id='word_1_71' title='bbox 356 816 482 869; x_wconf 92' lang='lat' dir='ltr'><strong>possum:</strong></span> <span class='ocrx_word' id='word_1_72' title='bbox 504 806 570 851; x_wconf 85' lang='lat' dir='ltr'><strong>tunc</strong></span> <span class='ocrx_word' id='word_1_73' title='bbox 585 799 819 864; x_wconf 82' lang='lat' dir='ltr'><strong>supervacaneum</strong></span> <span class='ocrx_word' id='word_1_74' title='bbox 830 797 916 854; x_wconf 85' lang='lat' dir='ltr'><strong>esset,</strong></span> <span class='ocrx_word' id='word_1_75' title='bbox 937 806 1018 859; x_wconf 81' lang='lat' dir='ltr'><strong>rogu-</strong></span> 
     </span>
     <span class='ocr_line' id='line_1_10' title="bbox 212 863 1017 934; baseline -0.016 -9"><span class='ocrx_word' id='word_1_76' title='bbox 212 889 244 928; x_wconf 85' lang='lat' dir='ltr'><strong>re</strong></span> <span class='ocrx_word' id='word_1_77' title='bbox 254 873 402 924; x_wconf 79' lang='lat' dir='ltr'><strong>volentem.</strong></span> <span class='ocrx_word' id='word_1_78' title='bbox 420 864 753 934; x_wconf 81' lang='lat' dir='ltr'><strong>rs.Vetperendieupud</strong></span> <span class='ocrx_word' id='word_1_79' title='bbox 766 863 873 925; x_wconf 79' lang='lat' dir='ltr'><strong>meeis,</strong></span> <span class='ocrx_word' id='word_1_80' title='bbox 895 865 1017 927; x_wconf 76' lang='lat' dir='ltr'><strong>oportet.</strong></span> 
     </span>
    </p>

    <p class='ocr_par' dir='ltr' id='par_1_4' title="bbox 172 934 1019 1215">
     <span class='ocr_line' id='line_1_11' title="bbox 172 934 1017 1008; baseline -0.018 -13"><span class='ocrx_word' id='word_1_81' title='bbox 172 950 174 956; x_wconf 83' lang='lat'>&#39;</span> <span class='ocrx_word' id='word_1_82' title='bbox 213 942 319 994; x_wconf 80' lang='lat' dir='ltr'>Saltem</span> <span class='ocrx_word' id='word_1_83' title='bbox 332 940 482 1008; x_wconf 78' lang='lat' dir='ltr'>perendino</span> <span class='ocrx_word' id='word_1_84' title='bbox 494 936 586 990; x_wconf 77' lang='lat' dir='ltr'><strong>dicad</strong></span> <span class='ocrx_word' id='word_1_85' title='bbox 597 945 709 987; x_wconf 83' lang='lat' dir='ltr'><strong>coenam</strong></span> <span class='ocrx_word' id='word_1_86' title='bbox 721 934 830 994; x_wconf 81' lang='lat' dir='ltr'><strong>venias,</strong></span> <span class='ocrx_word' id='word_1_87' title='bbox 840 943 953 982; x_wconf 84' lang='lat' dir='ltr'><strong>necesse</strong></span> <span class='ocrx_word' id='word_1_88' title='bbox 965 935 1017 982; x_wconf 89' lang='lat' dir='ltr'><strong>est.</strong></span> 
     </span>
     <span class='ocr_line' id='line_1_12' title="bbox 214 999 1019 1073; baseline -0.019 -9"><span class='ocrx_word' id='word_1_89' title='bbox 214 1011 321 1072; x_wconf 74' lang='lat' dir='ltr'><strong>Quarto</strong></span> <span class='ocrx_word' id='word_1_90' title='bbox 340 1008 438 1062; x_wconf 84' lang='lat' dir='ltr'><strong>ubhinc</strong></span> <span class='ocrx_word' id='word_1_91' title='bbox 454 1010 498 1060; x_wconf 85' lang='lat' dir='ltr'><strong>die</strong></span> <span class='ocrx_word' id='word_1_92' title='bbox 514 1021 569 1057; x_wconf 88' lang='lat' dir='ltr'><strong>non</strong></span> <span class='ocrx_word' id='word_1_93' title='bbox 589 1003 765 1073; x_wconf 78' lang='lat' dir='ltr'>gravaberis,</span> <span class='ocrx_word' id='word_1_94' title='bbox 795 999 862 1051; x_wconf 87' lang='lat' dir='ltr'><strong>mihi</strong></span> <span class='ocrx_word' id='word_1_95' title='bbox 883 1001 1019 1066; x_wconf 82' lang='lat' dir='ltr'><strong>praebere</strong></span> 
     </span>
     <span class='ocr_line' id='line_1_13' title="bbox 215 1067 1019 1141; baseline -0.015 -9"><span class='ocrx_word' id='word_1_96' title='bbox 215 1083 368 1132; x_wconf 81' lang='lat' dir='ltr'><strong>convivam.</strong></span> <span class='ocrx_word' id='word_1_97' title='bbox 405 1078 460 1130; x_wconf 84' lang='lat' dir='ltr'><strong>Die</strong></span> <span class='ocrx_word' id='word_1_98' title='bbox 481 1077 554 1128; x_wconf 85' lang='lat' dir='ltr'><strong>loris</strong></span> <span class='ocrx_word' id='word_1_99' title='bbox 570 1075 696 1141; x_wconf 80' lang='lat' dir='ltr'><strong>proximo</strong></span> <span class='ocrx_word' id='word_1_100' title='bbox 718 1086 773 1124; x_wconf 91' lang='lat' dir='ltr'><strong>non</strong></span> <span class='ocrx_word' id='word_1_101' title='bbox 790 1079 869 1140; x_wconf 83' lang='lat' dir='ltr'><strong>potes</strong></span> <span class='ocrx_word' id='word_1_102' title='bbox 882 1067 1019 1138; x_wconf 81' lang='lat' dir='ltr'><strong>effugere,</strong></span> 
     </span>
     <span class='ocr_line' id='line_1_14' title="bbox 215 1149 861 1215; baseline -0.019 -15"><span class='ocrx_word' id='word_1_103' title='bbox 215 1149 279 1215; x_wconf 89' lang='lat' dir='ltr'><strong>quin</strong></span> <span class='ocrx_word' id='word_1_104' title='bbox 290 1149 427 1210; x_wconf 51' lang='lat' dir='ltr'><strong>reniae„</strong></span> <span class='ocrx_word' id='word_1_105' title='bbox 771 1173 773 1176; x_wconf 93' lang='lat'><em>-</em></span> <span class='ocrx_word' id='word_1_106' title='bbox 858 1190 861 1196; x_wconf 64' lang='grc'><strong>,</strong></span> 
     </span>
    </p>

    <p class='ocr_par' dir='ltr' id='par_1_5' title="bbox 215 1210 1063 1512">
     <span class='ocr_line' id='line_1_15' title="bbox 429 1210 801 1282; baseline -0.008 -18"><span class='ocrx_word' id='word_1_107' title='bbox 429 1213 490 1266; x_wconf 88' lang='lat' dir='ltr'><strong>Non</strong></span> <span class='ocrx_word' id='word_1_108' title='bbox 504 1229 615 1282; x_wconf 85' lang='lat' dir='ltr'><strong>possum</strong></span> <span class='ocrx_word' id='word_1_109' title='bbox 631 1210 801 1280; x_wconf 76' lang='lat' dir='ltr'><strong>promittere.</strong></span> 
     </span>
     <span class='ocr_line' id='line_1_16' title="bbox 268 1293 1020 1368; baseline -0.009 -17"><span class='ocrx_word' id='word_1_110' title='bbox 268 1313 314 1352; x_wconf 81' lang='lat' dir='ltr'><strong>cu.</strong></span> <span class='ocrx_word' id='word_1_111' title='bbox 335 1299 397 1351; x_wconf 90' lang='lat' dir='ltr'><strong>Non</strong></span> <span class='ocrx_word' id='word_1_112' title='bbox 410 1315 522 1368; x_wconf 87' lang='lat' dir='ltr'><strong>possum</strong></span> <span class='ocrx_word' id='word_1_113' title='bbox 535 1299 671 1366; x_wconf 84' lang='lat' dir='ltr'><strong>polliceri.</strong></span> <span class='ocrx_word' id='word_1_114' title='bbox 706 1296 849 1348; x_wconf 82' lang='lat' dir='ltr'><strong>Affirmure</strong></span> <span class='ocrx_word' id='word_1_115' title='bbox 869 1293 946 1349; x_wconf 83' lang='lat' dir='ltr'><strong>istud</strong></span> <span class='ocrx_word' id='word_1_116' title='bbox 967 1294 1020 1344; x_wconf 87' lang='lat' dir='ltr'><strong>tibi</strong></span> 
     </span>
     <span class='ocr_line' id='line_1_17' title="bbox 216 1359 1019 1435; baseline -0.01 -15"><span class='ocrx_word' id='word_1_117' title='bbox 216 1385 273 1420; x_wconf 93' lang='lat' dir='ltr'><strong>non</strong></span> <span class='ocrx_word' id='word_1_118' title='bbox 284 1384 404 1435; x_wconf 84' lang='lat' dir='ltr'><strong>possum.</strong></span> <span class='ocrx_word' id='word_1_119' title='bbox 440 1369 610 1422; x_wconf 81' lang='lat' dir='ltr'><strong>Promittere</strong></span> <span class='ocrx_word' id='word_1_120' title='bbox 621 1359 724 1418; x_wconf 76' lang='lat' dir='ltr'><strong>certum</strong></span> <span class='ocrx_word' id='word_1_121' title='bbox 738 1379 854 1431; x_wconf 85' lang='lat' dir='ltr'><strong>nequeo.</strong></span> <span class='ocrx_word' id='word_1_122' title='bbox 889 1361 1019 1426; x_wconf 68' lang='lat' dir='ltr'><strong>Veniant,</strong></span> 
     </span>
     <span class='ocr_line' id='line_1_18' title="bbox 215 1432 1063 1512; baseline -0.009 -22"><span class='ocrx_word' id='word_1_123' title='bbox 215 1439 263 1492; x_wconf 87' lang='lat' dir='ltr'><strong>ubi</strong></span> <span class='ocrx_word' id='word_1_124' title='bbox 272 1439 383 1508; x_wconf 87' lang='lat' dir='ltr'><strong>utrique</strong></span> <span class='ocrx_word' id='word_1_125' title='bbox 395 1445 522 1491; x_wconf 88' lang='lat' dir='ltr'><strong>nostrum</strong></span> <span class='ocrx_word' id='word_1_126' title='bbox 534 1437 675 1490; x_wconf 88' lang='lat' dir='ltr'><strong>videbitur</strong></span> <span class='ocrx_word' id='word_1_127' title='bbox 685 1432 947 1487; x_wconf 83' lang='lat' dir='ltr'><strong>commodissimum.</strong></span> <span class='ocrx_word' id='word_1_128' title='bbox 1059 1495 1063 1512; x_wconf 33' lang='grc' dir='ltr'>ι</span> 
     </span>
    </p>
   </div>
   <div class='ocr_carea' id='block_1_3' title="bbox 471 1539 766 1592">
    <p class='ocr_par' dir='ltr' id='par_1_6' title="bbox 471 1539 766 1592">
     <span class='ocr_line' id='line_1_19' title="bbox 471 1539 766 1592; baseline -0.003 -1"><span class='ocrx_word' id='word_1_129' title='bbox 471 1539 552 1592; x_wconf 82' lang='lat' dir='ltr'><strong>Diem</strong></span> <span class='ocrx_word' id='word_1_130' title='bbox 571 1540 661 1592; x_wconf 79' lang='lat' dir='ltr'><strong>dicere</strong></span> <span class='ocrx_word' id='word_1_131' title='bbox 681 1539 766 1590; x_wconf 68' lang='lat' dir='ltr'><strong>deber:</strong></span> 
     </span>
    </p>
   </div>
   <div class='ocr_carea' id='block_1_4' title="bbox 94 1615 1063 2800">
    <p class='ocr_par' dir='ltr' id='par_1_7' title="bbox 267 1615 1063 1692">
     <span class='ocr_line' id='line_1_20' title="bbox 267 1615 1063 1692; baseline -0.008 -14"><span class='ocrx_word' id='word_1_132' title='bbox 267 1640 312 1678; x_wconf 84' lang='lat' dir='ltr'><strong>es.</strong></span> <span class='ocrx_word' id='word_1_133' title='bbox 331 1625 412 1676; x_wconf 87' lang='lat' dir='ltr'><strong>Diem</strong></span> <span class='ocrx_word' id='word_1_134' title='bbox 433 1626 522 1692; x_wconf 80' lang='lat' dir='ltr'><strong>igitur</strong></span> <span class='ocrx_word' id='word_1_135' title='bbox 537 1616 605 1677; x_wconf 87' lang='lat' dir='ltr'><strong>mihi</strong></span> <span class='ocrx_word' id='word_1_136' title='bbox 620 1625 774 1677; x_wconf 82' lang='lat' dir='ltr'><strong>constitues</strong></span> <span class='ocrx_word' id='word_1_137' title='bbox 787 1621 871 1685; x_wconf 81' lang='lat' dir='ltr'><strong>roto,</strong></span> <span class='ocrx_word' id='word_1_138' title='bbox 889 1621 926 1674; x_wconf 86' lang='lat' dir='ltr'><strong>od</strong></span> <span class='ocrx_word' id='word_1_139' title='bbox 937 1635 1019 1689; x_wconf 89' lang='lat' dir='ltr'><strong>quem</strong></span> <span class='ocrx_word' id='word_1_140' title='bbox 1061 1615 1063 1624; x_wconf 80' lang='grc'>’</span> 
     </span>
    </p>

    <p class='ocr_par' dir='ltr' id='par_1_8' title="bbox 215 1681 1021 1762">
     <span class='ocr_line' id='line_1_21' title="bbox 215 1681 1021 1762; baseline -0.01 -13"><span class='ocrx_word' id='word_1_141' title='bbox 215 1709 324 1749; x_wconf 89' lang='lat' dir='ltr'><strong>mecum</strong></span> <span class='ocrx_word' id='word_1_142' title='bbox 336 1694 561 1760; x_wconf 80' lang='lat' dir='ltr'><strong>siseoenutnrus.</strong></span> <span class='ocrx_word' id='word_1_143' title='bbox 580 1694 663 1746; x_wconf 88' lang='lat' dir='ltr'><strong>Diem</strong></span> <span class='ocrx_word' id='word_1_144' title='bbox 675 1681 764 1761; x_wconf 76' lang='lat' dir='ltr'><strong>igitur</strong></span> <span class='ocrx_word' id='word_1_145' title='bbox 774 1694 916 1762; x_wconf 79' lang='lat' dir='ltr'><strong>assignes,</strong></span> <span class='ocrx_word' id='word_1_146' title='bbox 939 1687 1021 1760; x_wconf 64' lang='lat' dir='ltr'><strong>oporss</strong></span> 
     </span>
    </p>

    <p class='ocr_par' dir='ltr' id='par_1_9' title="bbox 216 1761 1022 1832">
     <span class='ocr_line' id='line_1_22' title="bbox 216 1761 1022 1832; baseline -0.006 -16"><span class='ocrx_word' id='word_1_147' title='bbox 216 1771 267 1818; x_wconf 85' lang='lat' dir='ltr'><strong>tet·</strong></span> <span class='ocrx_word' id='word_1_148' title='bbox 287 1763 371 1814; x_wconf 88' lang='lat' dir='ltr'><strong>Diem</strong></span> <span class='ocrx_word' id='word_1_149' title='bbox 383 1764 471 1832; x_wconf 86' lang='lat' dir='ltr'><strong>igitur</strong></span> <span class='ocrx_word' id='word_1_150' title='bbox 484 1764 643 1830; x_wconf 83' lang='lat' dir='ltr'><strong>promittas,</strong></span> <span class='ocrx_word' id='word_1_151' title='bbox 663 1779 775 1815; x_wconf 88' lang='lat' dir='ltr'><strong>necesse</strong></span> <span class='ocrx_word' id='word_1_152' title='bbox 787 1770 838 1814; x_wconf 88' lang='lat' dir='ltr'><strong>est.</strong></span> <span class='ocrx_word' id='word_1_153' title='bbox 868 1761 949 1812; x_wconf 89' lang='lat' dir='ltr'><strong>Diem</strong></span> <span class='ocrx_word' id='word_1_154' title='bbox 963 1776 1022 1812; x_wconf 86' lang='lat' dir='ltr'><strong>eer-</strong></span> 
     </span>
    </p>

    <p class='ocr_par' dir='ltr' id='par_1_10' title="bbox 216 1827 1022 1899">
     <span class='ocr_line' id='line_1_23' title="bbox 216 1827 1022 1899; baseline -0.009 -13"><span class='ocrx_word' id='word_1_155' title='bbox 216 1843 276 1886; x_wconf 82' lang='lat' dir='ltr'><strong>tum</strong></span> <span class='ocrx_word' id='word_1_156' title='bbox 287 1830 355 1883; x_wconf 90' lang='lat' dir='ltr'><strong>mihi</strong></span> <span class='ocrx_word' id='word_1_157' title='bbox 368 1833 520 1898; x_wconf 84' lang='lat' dir='ltr'><strong>praefiniri,</strong></span> <span class='ocrx_word' id='word_1_158' title='bbox 533 1833 695 1899; x_wconf 66' lang='lat' dir='ltr'><strong>pruesoribi,</strong></span> <span class='ocrx_word' id='word_1_159' title='bbox 706 1831 867 1898; x_wconf 83' lang='lat' dir='ltr'><strong>praestitui,</strong></span> <span class='ocrx_word' id='word_1_160' title='bbox 879 1827 1022 1881; x_wconf 81' lang='lat' dir='ltr'><strong>&#39;constitui</strong></span> 
     </span>
    </p>

    <p class='ocr_par' dir='ltr' id='par_1_11' title="bbox 216 1898 1022 2042">
     <span class='ocr_line' id='line_1_24' title="bbox 218 1898 1022 1967; baseline -0.005 -13"><span class='ocrx_word' id='word_1_161' title='bbox 218 1901 311 1967; x_wconf 86' lang='lat' dir='ltr'><strong>cupio.</strong></span> <span class='ocrx_word' id='word_1_162' title='bbox 345 1901 386 1952; x_wconf 82' lang='lat' dir='ltr'><strong>Ad</strong></span> <span class='ocrx_word' id='word_1_163' title='bbox 397 1909 502 1954; x_wconf 87' lang='lat' dir='ltr'><strong>certum</strong></span> <span class='ocrx_word' id='word_1_164' title='bbox 513 1903 584 1955; x_wconf 87' lang='lat' dir='ltr'><strong>diem</strong></span> <span class='ocrx_word' id='word_1_165' title='bbox 598 1901 745 1954; x_wconf 87' lang='lat' dir='ltr'><strong>condicite.</strong></span> <span class='ocrx_word' id='word_1_166' title='bbox 773 1902 855 1954; x_wconf 86' lang='lat' dir='ltr'><strong>Diem</strong></span> <span class='ocrx_word' id='word_1_167' title='bbox 867 1898 936 1951; x_wconf 86' lang='lat' dir='ltr'><strong>mihi</strong></span> <span class='ocrx_word' id='word_1_168' title='bbox 945 1899 1022 1952; x_wconf 80' lang='lat' dir='ltr'><strong>dicus</strong></span> 
     </span>
     <span class='ocr_line' id='line_1_25' title="bbox 216 1970 366 2042; baseline 0 -20"><span class='ocrx_word' id='word_1_169' title='bbox 216 1970 312 2031; x_wconf 75' lang='lat' dir='ltr'><strong>veiim.</strong></span> <span class='ocrx_word' id='word_1_170' title='bbox 365 2035 366 2042; x_wconf 8' lang='grc' dir='ltr'>ἵ</span> 
     </span>
    </p>

    <p class='ocr_par' dir='ltr' id='par_1_12' title="bbox 312 2037 863 2108">
     <span class='ocr_line' id='line_1_26' title="bbox 312 2037 863 2108; baseline -0.002 -16"><span class='ocrx_word' id='word_1_171' title='bbox 312 2099 314 2107; x_wconf 52' lang='lat'><strong>.</strong></span> <span class='ocrx_word' id='word_1_172' title='bbox 478 2037 550 2094; x_wconf 85' lang='lat' dir='ltr'><strong>&#39;Nolo</strong></span> <span class='ocrx_word' id='word_1_173' title='bbox 573 2049 600 2092; x_wconf 86' lang='lat' dir='ltr'><strong>te</strong></span> <span class='ocrx_word' id='word_1_174' title='bbox 615 2039 777 2108; x_wconf 52' lang='lat' dir='ltr'><strong>praescire.¹</strong></span> <span class='ocrx_word' id='word_1_175' title='bbox 859 2066 863 2070; x_wconf 94' lang='lat'>·</span> 
     </span>
    </p>

    <p class='ocr_par' dir='ltr' id='par_1_13' title="bbox 180 2105 1023 2186">
     <span class='ocr_line' id='line_1_27' title="bbox 180 2105 1023 2186; baseline -0.002 -25"><span class='ocrx_word' id='word_1_176' title='bbox 180 2174 184 2186; x_wconf 16' lang='grc' dir='ltr'>η</span> <span class='ocrx_word' id='word_1_177' title='bbox 271 2122 318 2161; x_wconf 80' lang='lat' dir='ltr'><strong>crs.</strong></span> <span class='ocrx_word' id='word_1_178' title='bbox 338 2107 475 2176; x_wconf 85' lang='lat' dir='ltr'><strong>Equidem</strong></span> <span class='ocrx_word' id='word_1_179' title='bbox 485 2124 541 2161; x_wconf 89' lang='lat' dir='ltr'><strong>uon</strong></span> <span class='ocrx_word' id='word_1_180' title='bbox 552 2109 629 2162; x_wconf 91' lang='lat' dir='ltr'><strong>soleo</strong></span> <span class='ocrx_word' id='word_1_181' title='bbox 642 2109 735 2162; x_wconf 82' lang='lat' dir='ltr'><strong>dicere</strong></span> <span class='ocrx_word' id='word_1_182' title='bbox 747 2108 819 2167; x_wconf 82' lang='lat' dir='ltr'><strong>diem</strong></span> <span class='ocrx_word' id='word_1_183' title='bbox 831 2105 937 2162; x_wconf 78' lang='lat' dir='ltr'><strong>amicis.</strong></span> <span class='ocrx_word' id='word_1_184' title='bbox 952 2109 1023 2160; x_wconf 85' lang='lat' dir='ltr'><strong>Cum</strong></span> 
     </span>
    </p>

    <p class='ocr_par' dir='ltr' id='par_1_14' title="bbox 94 2177 1023 2246">
     <span class='ocr_line' id='line_1_28' title="bbox 94 2177 1023 2246; baseline -0.01 -10"><span class='ocrx_word' id='word_1_185' title='bbox 94 2229 102 2236; x_wconf 83' lang='lat'><strong>.</strong></span> <span class='ocrx_word' id='word_1_186' title='bbox 218 2181 317 2246; x_wconf 88' lang='lat' dir='ltr'><strong>quihus</strong></span> <span class='ocrx_word' id='word_1_187' title='bbox 338 2177 407 2230; x_wconf 84' lang='lat' dir='ltr'><strong>mihi</strong></span> <span class='ocrx_word' id='word_1_188' title='bbox 423 2193 520 2244; x_wconf 85' lang='lat' dir='ltr'><strong>purum</strong></span> <span class='ocrx_word' id='word_1_189' title='bbox 538 2181 678 2240; x_wconf 84' lang='lat' dir='ltr'><strong>convenit,</strong></span> <span class='ocrx_word' id='word_1_190' title='bbox 698 2180 732 2229; x_wconf 88' lang='lat' dir='ltr'><strong>iis</strong></span> <span class='ocrx_word' id='word_1_191' title='bbox 743 2177 822 2230; x_wconf 80' lang='lat' dir='ltr'><strong>soieo</strong></span> <span class='ocrx_word' id='word_1_192' title='bbox 835 2179 908 2229; x_wconf 89' lang='lat' dir='ltr'><strong>diem</strong></span> <span class='ocrx_word' id='word_1_193' title='bbox 920 2179 1023 2244; x_wconf 82' lang='lat' dir='ltr'><strong>dicere.</strong></span> 
     </span>
    </p>

    <p class='ocr_par' dir='ltr' id='par_1_15' title="bbox 127 2245 1063 2644">
     <span class='ocr_line' id='line_1_29' title="bbox 127 2245 1024 2315; baseline -0.002 -17"><span class='ocrx_word' id='word_1_194' title='bbox 127 2313 130 2315; x_wconf 27' lang='grc'>-</span> <span class='ocrx_word' id='word_1_195' title='bbox 217 2249 376 2300; x_wconf 83' lang='lat' dir='ltr'><strong>Praescium</strong></span> <span class='ocrx_word' id='word_1_196' title='bbox 388 2254 416 2299; x_wconf 86' lang='lat' dir='ltr'><strong>te</strong></span> <span class='ocrx_word' id='word_1_197' title='bbox 433 2263 493 2300; x_wconf 89' lang='lat' dir='ltr'><strong>esse</strong></span> <span class='ocrx_word' id='word_1_198' title='bbox 509 2249 602 2299; x_wconf 89' lang='lat' dir='ltr'><strong>nolim.</strong></span> <span class='ocrx_word' id='word_1_199' title='bbox 622 2248 810 2298; x_wconf 75' lang='lat' dir='ltr'><strong>&#39;Praescirete</strong></span> <span class='ocrx_word' id='word_1_200' title='bbox 822 2247 896 2299; x_wconf 92' lang='lat' dir='ltr'><strong>nolo.</strong></span> <span class='ocrx_word' id='word_1_201' title='bbox 917 2245 961 2298; x_wconf 87' lang='lat' dir='ltr'><strong>De</strong></span> <span class='ocrx_word' id='word_1_202' title='bbox 973 2248 1024 2297; x_wconf 90' lang='lat' dir='ltr'><strong>im·</strong></span> 
     </span>
     <span class='ocr_line' id='line_1_30' title="bbox 216 2317 1024 2384; baseline 0 -16"><span class='ocrx_word' id='word_1_203' title='bbox 216 2317 330 2382; x_wconf 87' lang='lat' dir='ltr'><strong>proviso</strong></span> <span class='ocrx_word' id='word_1_204' title='bbox 342 2324 370 2368; x_wconf 88' lang='lat' dir='ltr'><strong>te</strong></span> <span class='ocrx_word' id='word_1_205' title='bbox 382 2317 544 2384; x_wconf 83' lang='lat' dir='ltr'><strong>opprimam.</strong></span> <span class='ocrx_word' id='word_1_206' title='bbox 577 2317 725 2382; x_wconf 76' lang='lat' dir='ltr'><strong>inopinato</strong></span> <span class='ocrx_word' id='word_1_207' title='bbox 737 2322 765 2367; x_wconf 90' lang='lat' dir='ltr'><strong>te</strong></span> <span class='ocrx_word' id='word_1_208' title='bbox 777 2317 942 2384; x_wconf 85' lang='lat' dir='ltr'><strong>opprimam.</strong></span> <span class='ocrx_word' id='word_1_209' title='bbox 979 2317 1024 2368; x_wconf 85' lang='lat' dir='ltr'><strong>Te</strong></span> 
     </span>
     <span class='ocr_line' id='line_1_31' title="bbox 217 2385 1025 2454; baseline 0 -18"><span class='ocrx_word' id='word_1_210' title='bbox 217 2399 271 2437; x_wconf 87' lang='lat' dir='ltr'><strong>neo</strong></span> <span class='ocrx_word' id='word_1_211' title='bbox 290 2386 449 2450; x_wconf 79' lang='lat' dir='ltr'><strong>opinantem</strong></span> <span class='ocrx_word' id='word_1_212' title='bbox 467 2400 640 2453; x_wconf 84' lang='lat' dir='ltr'><strong>oppressero.</strong></span> <span class='ocrx_word' id='word_1_213' title='bbox 675 2388 716 2437; x_wconf 84' lang='lat' dir='ltr'><strong>Te</strong></span> <span class='ocrx_word' id='word_1_214' title='bbox 740 2385 811 2454; x_wconf 78' lang='lat' dir='ltr'><strong>nihii</strong></span> <span class='ocrx_word' id='word_1_215' title='bbox 833 2385 1025 2450; x_wconf 72' lang='lat' dir='ltr'><strong>suspicantem</strong></span> 
     </span>
     <span class='ocr_line' id='line_1_32' title="bbox 218 2453 1063 2520; baseline 0.002 -16"><span class='ocrx_word' id='word_1_216' title='bbox 218 2467 401 2520; x_wconf 82' lang='lat' dir='ltr'><strong>oppressurus</strong></span> <span class='ocrx_word' id='word_1_217' title='bbox 413 2471 483 2509; x_wconf 87' lang='lat' dir='ltr'><strong>sum.</strong></span> <span class='ocrx_word' id='word_1_218' title='bbox 500 2456 562 2507; x_wconf 86' lang='lat' dir='ltr'><strong>Non</strong></span> <span class='ocrx_word' id='word_1_219' title='bbox 574 2461 750 2520; x_wconf 80' lang='lat' dir='ltr'><strong>exspectatus</strong></span> <span class='ocrx_word' id='word_1_220' title='bbox 761 2455 892 2505; x_wconf 83' lang='lat' dir='ltr'><strong>odfuero.</strong></span> <span class='ocrx_word' id='word_1_221' title='bbox 903 2453 1026 2506; x_wconf 82' lang='lat' dir='ltr'><strong>Adorior</strong></span> <span class='ocrx_word' id='word_1_222' title='bbox 1062 2503 1063 2506; x_wconf 76' lang='grc'>,</span> 
     </span>
     <span class='ocr_line' id='line_1_33' title="bbox 216 2521 1063 2590; baseline 0.002 -18"><span class='ocrx_word' id='word_1_223' title='bbox 216 2531 246 2576; x_wconf 85' lang='lat' dir='ltr'><strong>te</strong></span> <span class='ocrx_word' id='word_1_224' title='bbox 263 2538 313 2574; x_wconf 86' lang='lat' dir='ltr'><strong>nee</strong></span> <span class='ocrx_word' id='word_1_225' title='bbox 333 2525 501 2590; x_wconf 80' lang='lat' dir='ltr'><strong>opinantem.</strong></span> <span class='ocrx_word' id='word_1_226' title='bbox 535 2521 654 2576; x_wconf 79' lang='lat' dir='ltr'><strong>Veniam</strong></span> <span class='ocrx_word' id='word_1_227' title='bbox 666 2525 812 2576; x_wconf 79' lang='lat' dir='ltr'><strong>ultroneus</strong></span> <span class='ocrx_word' id='word_1_228' title='bbox 823 2530 851 2575; x_wconf 85' lang='lat' dir='ltr'><strong>ot</strong></span> <span class='ocrx_word' id='word_1_229' title='bbox 862 2523 1025 2590; x_wconf 75' lang='lat' dir='ltr'><strong>insperatus</strong></span> <span class='ocrx_word' id='word_1_230' title='bbox 1061 2561 1063 2566; x_wconf 17' lang='grc' dir='ltr'>κ</span> 
     </span>
     <span class='ocr_line' id='line_1_34' title="bbox 217 2593 900 2644; baseline -0.001 -2"><span class='ocrx_word' id='word_1_231' title='bbox 217 2593 340 2644; x_wconf 77' lang='lat' dir='ltr'><strong>concive.</strong></span> <span class='ocrx_word' id='word_1_232' title='bbox 803 2633 805 2638; x_wconf 77' lang='grc'>,</span> <span class='ocrx_word' id='word_1_233' title='bbox 871 2615 900 2626; x_wconf 45' lang='grc' dir='ltr'><strong>ι’</strong></span> 
     </span>
    </p>

    <p class='ocr_par' dir='ltr' id='par_1_16' title="bbox 268 2659 1062 2800">
     <span class='ocr_line' id='line_1_35' title="bbox 501 2659 1062 2718; baseline 0 -6"><span class='ocrx_word' id='word_1_234' title='bbox 501 2659 648 2713; x_wconf 76' lang='lat' dir='ltr'><strong>Prterrire</strong></span> <span class='ocrx_word' id='word_1_235' title='bbox 667 2665 755 2718; x_wconf 72' lang='lat' dir='ltr'><strong>erote..¹</strong></span> <span class='ocrx_word' id='word_1_236' title='bbox 1061 2697 1062 2700; x_wconf 66' lang='lat'>,</span> 
     </span>
     <span class='ocr_line' id='line_1_36' title="bbox 268 2727 1027 2800; baseline 0.007 -19"><span class='ocrx_word' id='word_1_237' title='bbox 268 2742 313 2784; x_wconf 79' lang='lat' dir='ltr'><strong>ru.</strong></span> <span class='ocrx_word' id='word_1_238' title='bbox 324 2727 441 2781; x_wconf 88' lang='lat' dir='ltr'><strong>Biduum</strong></span> <span class='ocrx_word' id='word_1_239' title='bbox 452 2729 593 2796; x_wconf 74' lang='lat' dir='ltr'><strong>praescire</strong></span> <span class='ocrx_word' id='word_1_240' title='bbox 604 2729 679 2784; x_wconf 87' lang='lat' dir='ltr'><strong>roto.</strong></span> <span class='ocrx_word' id='word_1_241' title='bbox 695 2730 815 2784; x_wconf 82' lang='lat' dir='ltr'><strong>Biduum</strong></span> <span class='ocrx_word' id='word_1_242' title='bbox 827 2733 971 2800; x_wconf 76' lang='lat' dir='ltr'><strong>praescius</strong></span> <span class='ocrx_word' id='word_1_243' title='bbox 983 2747 1027 2787; x_wconf 81' lang='lat' dir='ltr'><strong>es·</strong></span> 
     </span>
    </p>
   </div>
   <div class='ocr_carea' id='block_1_5' title="bbox 0 0 1084 3196">
    <p class='ocr_par' dir='ltr' id='par_1_17' title="bbox 0 0 1084 3196">
     <span class='ocr_line' id='line_1_37' title="bbox 0 0 1084 3196; baseline 0 0"><span class='ocrx_word' id='word_1_244' title='bbox 0 0 1084 3196; x_wconf 95' lang='lat' dir='ltr'><strong> </strong></span> 
     </span>
    </p>
   </div>
  </div>
 </body>
</html>
