2160 3192
179 185 248 246 ,Μ
375 183 823 250 ΠΤΩΧΟΠᾼΟΜΙΟΙ,

124 333 130 343 .
195 293 256 352 erat
266 285 411 351 iucundus,
423 265 607 355 quamquivis
618 254 801 353 istiusmodo,
814 305 898 358 quum
910 290 998 344 stulti-

69 360 73 367 '
100 373 109 384 ·
192 358 249 408 tiae
259 371 364 423 genere
376 367 520 424 superaret
531 374 635 412 omnes.
659 374 701 410 co.
728 359 800 422 Quid
812 362 900 428 igitur
911 369 941 412 tu
951 376 997 427 po·

191 425 301 480 stulasl
311 425 350 476 'ut
361 429 496 494 princeps,
516 427 563 492 qui
573 427 648 478 ridet
660 427 824 492 unctionem,
845 435 999 481 commutet

190 509 250 546 cunr
262 494 314 546 illo
327 495 451 549 resteml
481 508 542 548 esu.
555 495 698 548 Fortassis
715 496 768 548 hoc
779 499 940 564 postularet
950 498 998 550 ali·

137 582 142 592 *
190 564 300 632 quando
319 563 463 626 decorum,
493 565 777 632 quodtuproponis‚
808 567 936 620 silibeat
956 583 1013 620 rer

189 640 372 702 praesentare
383 641 459 686 veste
469 633 601 701 quidquid
612 643 655 686 est
664 636 693 686 in
706 637 809 688 animo.
841 651 886 688 co.
907 637 996 704 Urges

189 711 222 754 tu
243 703 369 771 quidem
388 703 437 754 sed
458 710 551 754 tannen
568 704 690 756 arbitror
703 721 757 756 non
773 705 833 756 sine
844 721 942 757 caussa
951 721 997 758 ve·

188 779 260 828 stem
271 790 348 826 suam
359 772 482 824 additam
496 773 676 826 morionibus.
707 776 770 826 rura
782 774 933 841 Obquam'i
954 789 996 828 co.

188 841 232 894 Ne
253 842 402 894 laedantur
417 857 434 892 a
451 857 589 909 quoquam
626 843 651 892 si
670 843 736 908 quid
752 843 946 910 imprudenter
956 843 997 895 di·
1057 855 1072 878 ν

188 911 283 963 xcrint
295 919 345 964 aut
354 910 480 962 iecerint.
513 927 574 964 esu.
594 877 657 962 lion
673 911 764 972 dicam
776 914 903 976 interim,
922 911 996 980 quod

26 989 28 996 ’
100 1009 102 1012 -
187 980 245 1032 ista
255 997 299 1032 res
311 981 423 1047 quosvis
433 981 527 1032 irritat
537 982 631 1049 potius
642 980 676 1032 ad
688 979 869 1044 laedendum,
882 981 954 1033 adeo
965 987 996 1034 isi

187 1049 348 1116 frequenter
359 1066 374 1101 e
384 1051 480 1100 stultis
492 1053 561 1102 liunt
570 1052 670 1102 insani.
682 1050 740 1102 Nec
750 1051 830 1104 rideo
843 1066 995 1119 eur‚quum
1036 1090 1039 1093 -

189 1119 241 1170 bos
263 1125 429 1184 cornupeta,
449 1120 497 1185 qui
513 1120 649 1172 occiderit
669 1119 823 1182 hominem,
843 1123 996 1188 autcanis,

164 1249 166 1256 y
189 1193 311 1248 antuus,
332 1190 378 1253 qui
395 1188 531 1240 occiderit
543 1188 692 1250 infantem,
713 1190 872 1247 alliciantur
891 1192 993 1258 suppli·

189 1255 357 1308 cimmerio
380 1257 428 1323 qui
443 1251 626 1311 sceleratiora
647 1260 829 1322 commiserit,
853 1261 993 1326 praesidio

174 1347 176 1354 ¹
188 1325 333 1378 stultitiae
348 1326 465 1383 sinatur,
477 1328 579 1380 vivere.
604 1327 677 1378 illud
695 1324 809 1394 expeto,
823 1344 881 1380 cur
891 1345 942 1380 rus
954 1329 993 1380 di·

188 1395 370 1462 stinguaniini
384 1398 458 1448 cultu
469 1412 487 1448 a
503 1397 622 1448 ceterisl
653 1397 723 1450 Nam
735 1401 758 1448 si
770 1400 882 1464 quaevis
893 1413 992 1451 caussa

74 1456 76 1464 ’
90 1474 92 1478 ’
178 1464 290 1530 ‚sufficit
301 1466 336 1518 ad
348 1467 488 1520 diversum
498 1468 618 1529 cultum,
639 1474 783 1534 oporteret
798 1468 932 1534 pistorem
943 1470 992 1518 ali·
1074 1484 1080 1533 j

188 1540 232 1587 ter
263 1536 361 1586 vestiri
386 1552 467 1602 quam
493 1536 684 1602 piscatorem,
711 1536 878 1588 calcearium
908 1537 991 1589 aliter
1042 1536 1045 1560 ¹

136 1615 139 1628 ’
189 1619 270 1670 quam
287 1605 462 1668 vestiarium
485 1606 568 1658 aliter
583 1605 828 1672 pharmacopolam
844 1621 927 1672 quam
945 1621 989 1658 oe·
1079 1642 1080 1647 ,

179 1673 328 1740 mapulam,
347 1673 430 1726 aliter
440 1676 567 1742 aurigam
580 1691 661 1744 quam
674 1683 796 1726 nautam.
831 1673 900 1736 Vos,
914 1677 937 1726 si
949 1690 992 1726 sa·

94 1744 98 1752 ’
189 1743 317 1794 cerdotes
328 1745 409 1807 estis,
436 1760 485 1795 cur
496 1761 576 1796 secus
588 1746 732 1796 vestimini
743 1760 824 1812 quem
834 1744 938 1810 reliqui
948 1759 992 1796 sa-

188 1811 333 1863 cerdotesl
346 1813 376 1862 Si
387 1813 459 1875 laici,
471 1829 520 1865 cur
530 1831 547 1866 a
558 1815 638 1866 nobis
647 1813 767 1867 differtis
773 1815 839 1866 ico.
849 1815 922 1865 Olim
934 1829 993 1868 sno·

187 1877 270 1934 uachi
284 1878 353 1930 nihil
363 1883 437 1932 aliud
450 1898 655 1951 eramus,quam
667 1883 993 1952 puriorparslai'corumr
1064 1891 1070 1905 ¹

179 1955 218 2012 ¹et
238 1949 289 2000 hoc
306 1949 441 2009 intererat
451 1953 527 2004 inter
548 1953 714 2005 monachum
735 1961 763 2007 et
778 1955 862 2004 alium
879 1953 993 2019 laicum,

156 2049 159 2056 ‹
189 2017 264 2087 quod
277 2035 349 2082 nunc
360 2021 479 2074 interest
487 2023 561 2073 inter
572 2021 709 2088 frugalem
723 2030 752 2075 et
763 2023 879 2090 probum
890 2025 992 2086 virum,

188 2090 247 2141 suis
259 2091 513 2144 numihusalentem
522 2091 993 2158 familiachtinterSnaphanurn*)

190 2174 224 2210 ex
236 2161 444 2225 praestationum
457 2161 549 2212 reditu
560 2165 710 2212 iactantem
722 2177 795 2214 sasas
818 2168 881 2227 post
891 2161 994 2212 Roma·

153 2283 155 2288 ,
180 2242 241 2290 ,nus
254 2229 381 2282 Pontifex
392 2231 500 2284 addidit
515 2231 595 2282 nubis
609 2245 676 2281 suos
693 2229 834 2282 honores:
855 2230 945 2280 vestis
956 2243 993 2281 cx

176 2297 268 2358 *nohis
282 2305 363 2350 nacta
372 2308 416 2352 est
427 2299 605 2368 dignitatem,
628 2315 698 2366 quae
709 2315 781 2351 nunc
792 2314 843 2350 nec
854 2297 992 2350 laicorum

157 2411 161 2417 .
189 2373 251 2426 cst,
270 2369 523 2438 uecsacerdotu'nm
544 2369 697 2420 sedtamen
715 2369 810 2430 huius,
830 2368 993 2435 qualisqua-

185 2431 220 2482 lis
232 2439 274 2483 est
283 2468 297 2504 ,ι
311 2450 365 2486 non
379 2437 476 2503 puduit
484 2438 638 2504 aliquando
652 2438 814 2490 cardinales
825 2444 854 2488 et
865 2451 992 2490 summos

185 2498 343 2556 Pontifices.
355 2520 416 2558 esu.
426 2509 462 2557 nt
474 2508 587 2559 taudem
599 2506 730 2559 decorum
741 2507 811 2561 illud
820 2507 894 2558 unde
904 2506 992 2557 sumi·
1009 2513 1014 2520 ’
1033 2565 1037 2569 .

183 2569 248 2622 turi
272 2585 316 2622 co.
338 2574 542 2642 Nonnunquam
553 2593 587 2630 ex
598 2577 661 2643 ipsa
674 2592 766 2630 rerum
782 2582 900 2642 natura,
922 2591 993 2648 npu-

212 2671 232 2730 ·)
248 2647 392 2728 Strophadas
400 2673 516 2720 dicebatur
524 2678 617 2733 prasio.
633 2657 753 2728 scaleno,
763 2660 950 2722 sninto'viatnrss
959 2688 992 2725 σε
1037 2661 1045 2669 ’

237 2729 328 2776 usibus
334 2728 452 2786 invadens.
467 2732 906 2796 Vortumptnntoponmrsmm

843 2939 860 2964 κ
