2126 3188
237 204 537 274 nunrorours
571 206 711 262 undo.
819 201 876 268 ,oto

7 353 9 358 ,
65 309 404 390 ¹llaenobisquituntum
420 284 876 378 bufonumgeramruiapeotorel
991 299 996 302 ’

73 379 201 434 oo.Puri
217 382 340 443 erimus‚·
355 379 381 430 si
395 377 493 430 sedulo
510 378 633 430 colamus
648 377 791 446 virginem·
827 393 876 434 uu.

76 449 225 514 Quomodo
236 448 343 517 gaudet
352 447 425 500 colii
453 463 498 499 oo.
511 446 704 499 Gratissimum
716 447 760 498 illi
770 450 877 503 uultum

76 518 263 587 praestiteris,
283 519 308 570 si
320 515 408 571 fueris
419 515 559 570 imitatus.
606 529 655 569 ur.
667 515 738 568 Num
766 519 768 522 '
800 521 824 585 *)
857 520 878 562 ’.

76 587 160 653 xisti3
178 587 226 640 sed
238 588 312 639 intuo
332 585 498 654 perdifficile
519 592 572 640 est.
608 600 654 638 ou.
666 586 718 638 Est
828 587 877 654 spo

75 655 151 712 idem
162 655 391 724 pulcherrimum.
426 671 475 711 me.
487 660 559 725 Age,
571 670 670 724 perge,
691 650 767 724 quod
779 668 880 722 eoepe-

76 741 133 779 ras.
171 743 216 780 oo.
226 726 336 780 Deinde
347 732 548 780 commonstrat
564 739 666 781 aureas
676 729 880 793 argenteasque

77 802 194 850 statuas.
229 796 317 861 Ilaec,
332 796 433 866 inquit,
454 812 530 850 mere
541 811 629 848 aurea
638 799 691 858 est,
703 793 772 848 haee
781 808 879 861 argen-

77 874 128 919 tea
137 865 281 920 inaurata:
300 866 379 919 addit
390 865 636 935 singuliapondur,
647 865 777 934 pretium,
788 879 821 916 ae
831 863 879 915 do·

12 935 14 940 ’
42 997 45 1006 1
77 937 269 990 niauetorom.
305 939 396 1001 Quum
413 937 449 990 sd
464 936 575 1006 singula
590 933 770 989 mirabundus
783 939 879 1003 gratu·

77 1004 154 1057 larer
164 1001 276 1076 Virgini
286 1011 344 1058 tam
355 1006 467 1059 beatam
477 1005 665 1074 opulentiam
683 1011 878 1073 mystagogus,

76 1073 227 1140 Quoniam,
245 1077 345 1144 inquit,
365 1077 448 1130 video
464 1081 495 1132 te
510 1075 586 1145 pium
601 1081 800 1143 spectatorem,
821 1088 878 1126 non

76 1143 201 1197 arbitror
223 1160 352 1214 aequum,
372 1151 405 1197 ut
425 1152 453 1199 te
473 1147 624 1214 quidquam
647 1145 751 1208 eelem3
767 1141 877 1197 ridebis

1 1230 2 1235 ¹
76 1215 280 1284 quaevirginir
292 1215 568 1269 suntseoretiasima':
587 1215 727 1283 simulque
737 1211 877 1281 depromit

1 1295 3 1312 ⁸
77 1299 112 1336 ex
122 1286 183 1350 ipso
195 1285 280 1336 altari
296 1283 430 1366 mundum
445 1299 540 1338 rerum
554 1283 763 1364 admirabilium
770 1300 786 1364 ς·
797 1282 877 1334 euius

15 1380 19 1478 1
75 1353 420 1474 :tltltttttttttt'
448 1349 878 1490 itiittttnlmlttt

67 1491 105 1543 bi
116 1489 278 1542 felicissime
288 1486 382 1542 oessit.
419 1489 555 1558 Expletus
570 1506 632 1556 sum
647 1489 756 1544 affatim
768 1494 877 1556 speeta-

70 1560 146 1627 oulis
166 1563 194 1611 et
215 1557 268 1611 boc
287 1559 494 1615 inaestimabile
515 1561 617 1614 donum
637 1574 746 1613 meeum
767 1557 876 1622 aufero,

40 1645 44 1648 ·
73 1630 177 1699 pignus
189 1628 223 1681 ab
238 1629 301 1696 ipsa
312 1629 428 1699 Virgine
443 1630 549 1684 datum.
586 1645 634 1684 ur.
647 1629 799 1682 Nullumne
809 1625 877 1680 leoi-

1 1730 3 1736 ν
74 1699 112 1754 sti
126 1699 289 1766 periculum,
301 1699 366 1767 quid
376 1697 469 1754 valeat
480 1699 587 1768 lignum
596 1697 692 1750 tuoml
729 1709 773 1749 oo.
796 1697 875 1749 Fecit

73 1770 103 1822 in
115 1767 269 1820 diversorio
280 1766 401 1834 quodam
417 1775 484 1822 ante
498 1769 623 1822 triduum
633 1765 728 1834 reperi
737 1765 874 1834 quendam

15 1842 19 1851 “
73 1843 168 1892 mento
175 1842 298 1912 pomum,
317 1839 363 1887 eui
373 1837 430 1890 iam
440 1837 612 1906 parabantur
622 1835 746 1902 vincula3
767 1835 874 1904 lignum

20 1923 29 1932 ··
72 1906 129 1960 lroe
148 1905 325 1973 suppositum
342 1911 385 1958 est
400 1905 479 1960 illius
492 1907 703 1972 eerviealiclam
714 1905 791 1974 ipao;
827 1905 875 1958 ob·

74 1975 193 2029 dormiit
207 1989 307 2026 somno
322 1974 461 2040 profundo
477 1979 584 2044 pariter
600 1993 634 2030 ao
649 1977 774 2043 prolixet
793 1988 875 2026 mane
948 1972 952 1976 “

65 2045 198 2100 'turrexit
207 2046 336 2112 integrae
348 2044 458 2096 meotis.
494 2044 709 2098 nnNontunrat
720 2043 874 2112 phrenesis,

75 2115 126 2169 red
148 2113 283 2182 paronnia
301 2111 442 2165 fortassis.
486 2113 562 2167 Huic
581 2111 656 2166 malo
677 2113 751 2168 solet
770 2112 877 2166 mederi

75 2199 200 2238 somnus.
237 2180 385 2242 oolluum
402 2181 501 2236 libebit
513 2184 615 2246 iocari,
636 2183 811 2245 Menedemo,
831 2169 901 2234 fact

74 2254 161 2308 aliam
172 2251 225 2306 tibi
241 2265 360 2320 quaeras
375 2251 538 2316 materiam
555 2253 669 2305 inditos
685 2250 757 2304 iocis
767 2251 876 2312 ludere,

73 2339 127 2377 nee
135 2322 210 2390 pium
222 2326 266 2374 eet
277 2335 328 2372 nec
339 2325 440 2374 tutum.
476 2322 536 2374 lmo
546 2322 591 2375 vir
600 2323 661 2388 ipse
670 2321 812 2386 narrcbat,
821 2319 877 2372 sibi

73 2396 103 2447 in
122 2391 228 2444 somnis
249 2389 409 2457 apparuisse
427 2389 573 2442 mulierem
594 2387 758 2442 admiranda
775 2388 876 2458 specio,

74 2475 148 2532 quae
162 2459 294 2529 poculum
310 2457 366 2525 ipsi
379 2463 545 2528 porrexerit.
580 2472 630 2511 ιε..
641 2455 804 2512 Elleborum
817 2458 875 2527 opi·

45 2587 48 2592 ,
72 2545 135 2586 nor.
181 2543 227 2582 oe.
247 2530 322 2582 lstuc
340 2529 478 2580 incertum
499 2534 556 2592 est3
588 2525 661 2578 illud
679 2528 875 2586 certissimum,

72 2600 214 2655 bominem
235 2599 338 2651 mentis
358 2613 420 2650 esse
438 2597 604 2666 oompot'em.
640 2610 688 2648 us.
710 2591 877 2673 Ptaeteristi

38 2701 43 2712 ·
72 2671 213 2727 Thornam
224 2667 452 2722 cantuariensem
463 2665 717 2735 arehiepiscopuml
764 2678 809 2732 oo.
824 2659 866 2715 Mt

16 2769 22 2776 ·
100 2759 120 2826 fl
133 2753 249 2814 Expedite
259 2755 284 2800 et
292 2751 434 2814 compendio,
448 2753 503 2808 tito.
516 2751 585 2800 nimia
593 2749 647 2798 tito.
