2150 3198
191 103 243 200 ior
313 111 561 230 couvrvrunr
586 142 876 235 scorciosam.

191 251 310 317 denique
322 251 446 314 corporis
457 251 563 314 pariter
573 253 655 312 atque
667 249 771 298 animi:
795 249 895 311 Adest,
913 251 948 298 ut
960 250 997 300 ri.

99 352 107 367 ..
190 320 276 380 detis,
304 316 457 368 fonticulus
471 306 664 384 saluberrimis
681 318 761 383 aquis
778 319 999 372 noninamoena

189 394 314 448 scatens,
345 391 484 452 utcunque
496 387 710 452 repraesentans
722 386 923 454 unicumfflillum
932 385 998 438 fou·

152 516 155 526 y
189 462 262 518 tem,
284 455 330 522 qui
341 455 458 508 coelesti
469 455 554 506 latice
565 455 706 507 refocillat
723 469 820 506 omnes
832 455 997 510 laborantes

152 549 160 564 ¹
190 532 219 580 et
234 531 380 588 oneratos,
395 530 438 576 aet
453 525 488 576 ad
509 539 591 598 quern
611 523 727 576 anhelat
740 527 835 576 anima
855 525 999 578 delassata

188 595 269 646 malis
287 594 368 646 huius
389 594 497 656 mundi,
526 610 582 645 non
599 595 682 646 aliter
696 609 777 662 quarn
789 593 999 646 iuxtal'salmi·

189 671 260 716 stam
267 702 275 728 ,
296 679 396 716 cervus
407 670 539 715 aestuans
550 667 610 728 siti,
621 665 741 731 gustatis
754 664 928 731 serpentium
939 679 998 716 car·

188 734 279 786 nibus.
290 734 374 788 Hunc
385 735 473 798 gratis
484 733 596 787 haurire
610 734 691 796 licet,
703 735 829 800 quisquis
839 736 910 802 sitit.
923 733 1001 785 Noa*

189 804 260 855 nulli
271 809 301 856 et
311 803 455 872 religionis
467 805 560 872 gratia
569 819 631 854 sese
641 810 801 869 aspergunt.
817 803 937 864 Quidam
949 805 1000 856 eti·
1067 820 1071 824 ·

190 873 356 935 ambibunt,
376 890 431 924 non
451 875 525 937 sitis,
546 873 596 925 sed
614 871 759 940 religionis
780 885 872 923 causa.
895 871 998 936 Video,

73 937 76 949 ¹
160 999 162 1002 ,
189 956 240 993 vos
252 945 357 994 invitos
369 941 453 995 avelli
465 944 499 994 ab
511 941 563 992 hoe
574 943 646 992 loeo.
664 940 721 1006 ⁴Sed
733 937 846 992 interior
856 939 927 994 hora
939 955 998 994 nro-

189 1016 254 1074 nct,
272 1017 303 1062 ut
323 1014 446 1063 visamus
468 1011 541 1063 hunc
560 1012 709 1062 cultiorem
725 1008 850 1071 hortum,
869 1027 953 1076 quem
967 1012 999 1062 in

190 1081 326 1147 quadrum
342 1082 458 1148 cingunt
475 1083 546 1132 muri
563 1076 658 1148 regiae
669 1095 756 1132 meae.
775 1079 881 1146 Siquid
893 1079 948 1132 erit
959 1081 1001 1132 vi-

109 1149 112 1158 ’
171 1161 174 1171 “
189 1149 307 1200 sendum
317 1151 406 1211 intus,
428 1149 573 1217 apraudio
587 1149 763 1216 spectabitis,
777 1165 861 1216 quum
872 1149 942 1200 solis
953 1165 1001 1201 ae·

190 1221 249 1268 stus
259 1233 324 1282 nos,
344 1212 430 1270 relati
442 1219 586 1284 cochleas,
608 1221 683 1272 dumi
700 1213 841 1271 cohibebit
858 1216 936 1271 horis
948 1210 1009 1270 aii-.-

192 1292 270 1355 quot.
289 1301 328 1340 rr.
338 1285 443 1359 Papae!
463 1291 617 1357 Epicureos
628 1287 725 1347 hortos
736 1288 805 1340 mihi
815 1287 912 1356 videre
923 1287 1000 1340 vide·

192 1371 233 1408 or.
251 1369 298 1423 eu.
309 1359 399 1410 Totus
412 1357 457 1410 hic
468 1361 545 1411 locus
556 1357 695 1426 voluptati
706 1358 816 1411 dicatus
828 1365 880 1421 est,
890 1359 941 1410 sed
952 1357 999 1408 ho-

191 1433 296 1488 nestae,
316 1429 463 1495 pascendis
474 1430 574 1490 oculis,
592 1429 751 1482 recreandis
762 1429 889 1492 naribus,
908 1426 999 1479 relici-

192 1497 276 1550 endis
288 1499 396 1549 animis.
433 1498 510 1550 Nihil
527 1497 572 1548 hic
586 1501 711 1547 nascitur
731 1503 844 1563 praeter
864 1497 997 1548 odoratas

191 1563 307 1628 herbas,
332 1583 382 1619 nec
400 1583 447 1618 eas
466 1566 619 1631 quaslibet,
642 1562 693 1616 sed
713 1564 830 1616 eximias
851 1563 996 1617 duntaxat.
1069 1583 1072 1590 ’

191 1635 412 1704 ibrumquodque
423 1641 513 1700 genus
522 1649 586 1685 suas
597 1632 683 1685 habet
695 1649 783 1692 areas·
811 1650 851 1686 rr.
863 1633 925 1689 Nec
935 1633 999 1687 her-

193 1703 247 1755 bae
261 1709 355 1754 mutac
364 1707 431 1754 sunt
442 1703 512 1769 apud
524 1708 575 1765 te,
588 1710 720 1770 quantum
730 1703 822 1755 rideo.
843 1713 891 1755 su.
907 1701 1000 1756 Probo

192 1774 278 1825 dicis:
296 1773 350 1824 ‘olii
362 1771 460 1824 domus
472 1771 747 1840 habentopulentas,
767 1787 821 1840 ¹ego
838 1773 1000 1840 loquacissi-

177 1856 266 1900 ,maur
277 1839 383 1904 habeo,
403 1843 559 1909 nequando
570 1846 646 1894 solus
657 1841 747 1894 rideri
757 1845 874 1909 possim:
896 1842 928 1893 id
939 1858 1000 1896 ma-

137 1961 141 1971 ,
190 1911 234 1979 gis
247 1909 330 1962 etiam
341 1911 432 1973 dices,
455 1912 502 1963 ubi
513 1918 604 1964 totam
615 1912 727 1964 rideris.
764 1911 800 1962 Ut
813 1909 917 1964 herbae
933 1915 1001 1964 suut

192 1980 310 2032 velutin
321 1986 427 2041 turmas
439 1981 578 2050 digestae,
594 1984 635 2032 ita
645 1982 773 2048 singulae
784 1987 892 2032 turmae
906 1981 1000 2050 singu·
1018 1985 1024 1990 “

192 2049 222 2101 la
231 2048 335 2102 habent
345 2051 447 2104 vexilla
459 2067 520 2102 cum
530 2051 723 2118 inscriptione.
752 2040 838 2104 Velut
855 2065 1001 2104 amaracus

121 2177 124 2182 ,
190 2117 250 2170 hic:
270 2120 391 2183 Abstine,
402 2122 505 2188 inquit,
517 2137 578 2180 suu
594 2137 647 2173 non
657 2120 708 2173 tibi
719 2119 801 2188 spiro.
820 2121 913 2182 Quum
924 2121 1001 2188 enim
1046 2135 1051 2139 ’

173 2205 175 2210 ’
191 2190 229 2239 sit
244 2192 426 2242 suavissimae
443 2189 630 2258 fragrantiae,
651 2193 716 2242 sdes
736 2195 829 2240 tamen
843 2187 897 2240 hoc
913 2190 1019 2251 odore,

190 2257 371 2310 vehementer
382 2259 571 2312 offenduntur.
602 2259 708 2317 ‚itidem
719 2259 830 2328 singula
840 2273 944 2325 genera
954 2257 1001 2308 ha-

136 2349 141 2360 2
191 2326 259 2380 bent
270 2341 335 2378 suos
347 2325 461 2394 titulos,
480 2327 585 2396 aliquid
595 2328 767 2393 indicantes,
787 2329 861 2394 quod
872 2326 908 2378 ad
919 2333 1002 2394 pecu·
1065 2393 1071 2398 -

192 2393 292 2446 liorem
305 2397 365 2449 eius
379 2396 482 2451 herbae
492 2400 547 2448 vini
559 2399 689 2464 pertinet.
711 2413 749 2449 rr.
772 2397 850 2448 Nihil
861 2396 956 2447 adhue
966 2399 1003 2446 ri·

193 2463 222 2514 di
233 2461 286 2516 hoe
301 2466 434 2519 fonticulo
448 2467 594 2529 festivius,
613 2469 662 2534 qui
678 2466 786 2518 medius
800 2465 880 2518 velut
895 2459 1004 2517 arridet

192 2529 288 2583 herbis
303 2539 432 2602 omnibus
449 2553 482 2589 ac
493 2537 671 2602 refrigerium
680 2531 739 2588 illis
749 2535 896 2604 pollicetur
907 2536 1005 2590 adver·

194 2615 241 2653 sus
263 2609 380 2654 aestum.
412 2605 472 2656 Sed
489 2607 615 2658 alveolus
632 2604 690 2668 hic,
711 2601 1005 2673 quitantogr‘atiato‘·

120 2678 122 2681 '
193 2677 254 2726 tam
273 2687 375 2742 aquam
391 2675 516 2731 ostendit
536 2675 624 2732 oculis
644 2673 804 2760 homiuum,
832 2673 897 2728 hinc
918 2671 1005 2746 nique
