2132 3196
198 176 240 276 'a
362 183 882 296 sunurnumrouuunnu.

45 353 48 366 ·
127 367 129 371 .
222 326 294 379 enlm
310 326 408 390 tuerit,
426 329 452 380 si
473 345 566 382 sonem
581 336 702 397 patrem,
723 335 772 383 aut
785 329 875 382 viram
892 327 1033 384 eximiam
1053 327 1055 408 1

221 395 341 459 salutes,
362 412 444 464 quam
461 399 562 450 aetatis
574 400 752 469 cognomiue3
774 400 885 451 ctirrmsi
895 399 966 450 olim
978 399 1033 452 ho·

193 501 197 516 .
219 466 297 515 noris
309 481 393 517 eausa
404 466 560 530 dicebatur,
583 464 602 517 d
614 475 698 536 γέρον.
720 468 802 520 Salve
813 469 1033 534 praciectc„sal·

219 549 254 585 ve
264 535 383 586 tribune.
418 535 481 586 Non
496 543 602 598 autem,
623 537 699 588 salve
709 537 856 605 caligarie,
874 543 923 589 aut
934 538 1044 590 calce-'

221 603 290 654 ario.
326 601 407 656 Salve
419 604 594 668 adolescens,
614 606 820 658 salveiuvenis.
851 605 936 658 Senes
947 609 1029 674 igno·
1052 613 1055 706 ⁴

219 677 266 722 tos
277 670 469 724 adolescentes
482 675 601 726 liliorum
613 682 796 743 cognomento
807 677 945 740 salutant,
958 676 1039 730 ado·x

220 737 358 795 lescentes
368 741 488 794 vicissim
499 744 566 794 illos
576 750 671 810 patrea
684 751 734 796 aut
745 744 882 797 dominos.

360 841 507 926 ⁴,Blandior
518 846 649 898 salutatio
660 847 733 900 inter
744 855 872 901 amanter.

433 931 496 967 mea
514 915 683 970 Cornellola.
702 947 705 954 ·

432 1000 494 1036 mea
508 985 574 1037 vita.

431 1069 493 1105 mea
510 1053 568 1105 lux.

432 1137 523 1173 meum
544 1122 683 1176 delicium.

432 1203 522 1241 meum
534 1193 669 1244 suavium.

431 1258 486 1309 mel
506 1273 606 1311 meum.

431 1341 494 1378 mea
512 1327 642 1393 voluptas
653 1330 745 1381 unica.

430 1411 521 1449 meum
544 1397 694 1450 corculum.

430 1480 493 1518 mea
514 1481 587 1531 spes.

429 1547 520 1585 meum
532 1533 672 1588 solatium.

430 1617 521 1654 meum
543 1603 635 1654 decus.

410 1693 533 1757 ‘Honora
547 1703 660 1774 gratia,
681 1710 731 1756 out
750 1719 832 1756 secus.

274 1771 357 1825 Salve
377 1770 452 1826 here.
498 1773 570 1835 0he,
590 1774 667 1825 salve
688 1780 719 1824 tu
736 1789 862 1842 quoquc,
879 1772 952 1824 bono
972 1772 1025 1824 nir.

220 1841 303 1894 Salve
317 1843 362 1892 vir
375 1843 566 1904 ornatissime,
585 1843 749 1894 clarissime.
786 1841 868 1895 Salve
885 1843 969 1894 etiam
985 1848 1026 1892 at·

220 1925 274 1976 que
285 1911 385 1973 etiam,
406 1913 552 1963 literarum
564 1912 656 1964 decus.
687 1912 768 1964 Salve
779 1906 942 1981 plurimum,
959 1912 1027 1961 ami·

220 1994 314 2030 corum
327 1981 441 2048 optimo.
478 1980 562 2039 Salve
574 1985 611 2032 mi
622 1982 778 2033 Maecenas.
814 1975 896 2046 Salio
907 1985 1025 2046 patrouc

220 2047 379 2116 singularis.
410 2049 492 2102 Salve
512 2053 555 2101 vir
575 2055 787 2118 spectatissimo.
810 2051 892 2102 Salvo
913 2047 1023 2100 unicum

218 2115 301 2168 huius
313 2119 414 2170 aetatis
431 2126 631 2172 ornamentum.
668 2121 749 2173 Salve
771 2117 938 2172 Germaniae
957 2117 1024 2168 dcli-

220 2189 301 2238 oium.
337 2185 461 2251 salvete,-
482 2197 624 2262 quotquot.
640 2194 720 2252 estis,
741 2206 798 2242 una
815 2189 905 2241 salute
920 2200 1023 2239 omnes.

221 2253 332 2307 Salretc
354 2259 461 2323 pariter
483 2275 585 2310 omnes.
637 2259 748 2311 Salvctc
769 2259 839 2312 belli
857 2255 1022 2307 homunculi.

222 2322 305 2375 Salvo
324 2339 458 2392 congerro
474 2329 655 2395 lepidissime.
697 2328 778 2381 Salve
801 2327 857 2378 vini
879 2325 1023 2392 pernicies.

195 2419 197 2422 ·
221 2391 305 2459 Retp.
329 2393 412 2447 Salve
427 2403 456 2449 et
472 2403 503 2448 tu
519 2413 635 2466 gurges,
656 2398 805 2464 helluoqnc
826 2397 1024 2465 placentarum.

168 2467 171 2474 '
223 2459 306 2514 Salio
318 2463 449 2528 multum,
471 2467 581 2518 virtutis
594 2467 683 2518 omnis
694 2468 819 2518 antistes.
852 2463 934 2532 Retp.
945 2461 1024 2516 Salve

222 2531 383 2582 tantundem
395 2535 482 2586 totius
491 2537 642 2602 probitatis
653 2537 803 2600 exemplar.
824 2533 906 2584 Salve
918 2531 1024 2583 anicula

223 2615 312 2652 anuos
323 2608 389 2652 nata
401 2605 565 2668 quindecim.
595 2605 676 2671 Resp,
691 2604 775 2654 Salve
788 2601 882 2667 puella
893 2614 1022 2652 annornm

223 2669 374 2738 octoginta.
404 2672 481 2724 Beue
493 2674 531 2723 sit
542 2674 595 2724 tibi
606 2689 666 2724 cum
679 2678 728 2722 tuo
740 2669 861 2721 calvitio.
878 2667 957 2736 Resp.
972 2669 1023 2722 Be·

225 2752 260 2790 ne
270 2739 322 2792 tibi
333 2755 395 2790 cum
406 2741 499 2792 lacero
511 2757 589 2793 naso.
624 2741 661 2792 Ut
673 2740 819 2802 salutaris,
841 2739 883 2792 ita
892 2738 1023 2791 resaluta·
