2126 3188
310 209 580 267 PUERPERA.
661 229 665 238 “
796 216 846 280 331

18 361 19 368 ,
48 311 146 366 rabilis
157 329 215 377 res,
225 315 250 366 si
259 315 359 368 liceret
369 317 398 367 in
408 315 485 368 aliud
496 317 656 382 immigrare
668 317 847 374 domicilium.

48 397 96 435 au.
117 384 265 451 Emigrarc
280 399 335 438 non
351 385 436 446 licet,
456 385 511 436 nisi
529 400 610 451 quum
623 394 721 437 evocat
731 389 848 442 locator.

48 450 247 522 Verumtamen
261 455 351 506 sinon
363 453 429 506 licet
440 456 590 521 emigrare,
622 453 689 506 lieet
699 462 760 507 arte
772 472 849 511 eura·

50 535 103 586 que
124 529 223 588 nostra
243 523 411 587 domicilium
430 523 515 573 aninri
531 522 701 575 commodius
726 525 849 591 reddere,
937 559 942 566 ·

50 591 282 655 quemadmodum
302 594 331 644 iu
351 592 467 644 aedibus
488 599 630 650 mutantur
640 591 792 655 fenestrae,
808 601 849 646 at·
883 621 890 631 ·

49 659 273 725 tollitursolum,
284 660 476 714 incrustantur
486 669 534 713 aut
546 664 760 715 coruvestiuntur
768 659 857 713 tabu?

48 726 109 778 latu
128 729 266 794 parietes,
291 729 360 779 situs
370 730 427 796 igni
438 730 586 798 suffituque
598 737 743 798 purgatur.
779 730 810 782 Id
822 731 853 782 iu
888 781 891 784 .

48 797 129 847 senili
140 811 257 864 corpore
268 799 377 864 iamque
388 799 495 852 ruinam
507 799 853 854 uriuitantediilicillimum

50 871 99 916 est.
122 865 276 918 Plurimum
287 873 381 920 autem
392 869 539 932 conducit,
551 874 574 922 si
586 871 693 936 puerile
704 882 804 935 eorpus
817 867 853 919 ab

49 932 111 1000 ipso
123 935 252 1002 protinus
264 944 341 1002 ortu,
362 939 572 1006 sicutoportet,
594 945 714 990 curetur.
743 951 787 989 ra.
808 937 854 990 Tu

50 1003 158 1070 quidem
170 1013 290 1071 matrem,
300 1023 333 1060 ac
343 1009 480 1060 nutricem
492 1007 628 1060 medicam
637 1006 792 1060 esseiubes.
803 1019 853 1058 su,

49 1069 135 1127 Plane
146 1077 239 1140 iubeo,
246 1076 426 1144 quodattinet
438 1077 475 1132 ud
486 1077 624 1130 delectum
636 1092 669 1129 ac
679 1075 852 1128 moderatio-

49 1155 110 1194 nem
122 1145 176 1198 cibi
186 1152 336 1213 potusque,
357 1157 461 1210 motus,
483 1148 588 1210 somni,
607 1147 779 1209 balneorum,
801 1161 851 1198 un·

50 1211 187 1278 ctionem,
207 1215 381 1278 frictionum,
402 1219 533 1274 ¹restitus.
571 1217 660 1276 Quam
678 1215 781 1268 multos
792 1227 853 1266 esse

30 1320 39 1335 ,
50 1295 143 1336 censes
149 1321 158 1348 ‚
168 1286 216 1351 qui
225 1286 397 1352 gravissimis
407 1286 513 1337 morbis
524 1286 642 1336 novitiis
654 1285 769 1336 obnoxii
777 1289 853 1344 sunt,

50 1351 215 1420 epilepsiae,
236 1355 405 1422 gracilitati,
426 1351 853 1416 imbecillitati,surditati,fra·
898 1417 904 1427 ,

49 1421 101 1472 etis
112 1423 228 1484 lumbis,
238 1424 378 1488 -distortis
390 1424 533 1487 nreurbris,
542 1423 651 1474 infirmo
662 1423 784 1483 cerebro,
794 1425 853 1472 stu·

7 1523 8 1526 =
48 1495 109 1554 pori
121 1493 239 1556 mentis,
256 1508 313 1544 non
324 1495 358 1545 ob
370 1494 457 1557 aliud,
468 1494 521 1544 nisi
535 1493 610 1560 quod
620 1508 637 1544 a
647 1490 802 1542 nutricibus
812 1491 853 1540 in·

50 1555 200 1629 diligenter
210 1561 300 1615 curati
311 1564 394 1614 sunti
428 1578 474 1615 sn.
501 1563 633 1614 Demiror
643 1567 672 1614 te
683 1574 738 1611 non
748 1573 799 1626 pro
810 1558 853 1624 pi-

50 1632 127 1698 tiore
145 1631 250 1684 factum
271 1632 358 1685 fuisse
377 1633 610 1694 Franciscenum,
644 1631 763 1699 quitum
780 1627 855 1680 belle

50 1701 233 1754 concioneris.
250 1718 296 1755 su.
308 1703 362 1756 Ubi
373 1709 402 1756 te
414 1705 562 1756 Claranum
572 1700 670 1753 uidero
679 1697 718 1769 *),
729 1704 789 1749 tum
800 1709 854 1762 ego

49 1766 103 1819 tibi
113 1771 314 1832 Franciscanus
325 1773 521 1823 concionabar,
552 1786 596 1817 sn.
609 1771 669 1832 Ego
681 1782 748 1816 sene
760 1765 853 1816 libens

48 1835 120 1886 scire
132 1834 256 1898 cupiam,
276 1840 341 1899 quid
352 1840 389 1883 sit
399 1835 505 1898 anima,
525 1834 558 1886 de
570 1850 625 1901 qua
635 1842 693 1887 tam
704 1833 793 1886 multa
802 1848 852 1885 au-

48 1899 139 1954 dimus
151 1903 331 1968 dicimusque,
353 1917 435 1967 quum
446 1917 527 1956 nemo
538 1905 651 1956 viderit.
670 1918 717 1956 Eu.
733 1903 791 1954 lmo
803 1917 852 1955 ne·
866 1933 871 1940 ·

44 1981 93 2022 mo
105 1986 160 2022 uon
172 1970 261 2032 videt,
283 1970 329 2020 cui
340 1977 405 2019 sunt
417 1972 500 2037 oculi.
525 1985 568 2022 sa.
587 1973 678 2024 Video
691 1975 780 2036 pictas
792 1972 851 2021 ani·
890 2023 896 2034 ,

46 2052 107 2092 nias
116 2038 248 2092 infantuli
258 2038 358 2104 specie.
387 2036 492 2090 Verum
505 2053 553 2089 cur
564 2053 618 2088 non
630 2038 770 2089 adduntur
776 2039 853 2098 alae,

47 2108 276 2174 quemadmodum
288 2105 414 2173 angelis?
442 2122 488 2158 uu.
512 2106 650 2166 Quoniam
661 2105 852 2156 delabentibus

48 2191 64 2228 e
83 2179 163 2232 c'oelo
182 2178 289 2229 fractae
306 2180 370 2226 sunt
381 2175 440 2226 alac
453 2211 461 2237 ‚
481 2175 507 2226 si
518 2183 573 2240 qua
584 2173 739 2226 Socraticis
751 2171 852 2223 sabulis

46 2241 174 2301 habenda
184 2247 261 2298 tides.
273 2247 387 2307 raquo
399 2243 481 2295 niodo
493 2245 582 2309 igitur
592 2241 741 2294 subvolare
753 2240 849 2292 dicun·

17 2365 21 2374 ,
46 2318 93 2366 tur
102 2317 133 2367 in
141 2313 268 2369 coelumi
287 2329 334 2366 nu.
351 2312 489 2377 Quoniam
501 2313 569 2365 lidos
581 2318 609 2365 et
620 2313 720 2365 caritas
731 2308 849 2376 faciunt,

46 2389 79 2434 ut
89 2381 146 2436 illis
154 2389 338 2436 renascantur
348 2383 418 2435 alae.
454 2382 515 2434 llas
526 2383 585 2433 alas
596 2381 711 2449 petebat
725 2379 774 2434 ille
785 2395 848 2446 per·

43 2455 139 2506 taesus
156 2453 331 2506 domicilium
347 2451 389 2504 sui
401 2451 541 2520 corporis,
561 2451 628 2518 dum
644 2450 759 2514 clarrrot,
781 2448 850 2514 Quin

45 2521 124 2577 dabit
139 2521 207 2578 mibi
218 2517 581 2593 pennasatcetcuumoae,
599 2528 627 2575 et
647 2519 740 2574 volabo
760 2528 788 2573 et
808 2534 849 2572 re·

71 2643 92 2700 ·)
107 2646 194 2698 idest,
208 2644 340 2690 monachum
349 2644 435 2690 ordinis
447 2643 539 2690 Clarae.
568 2641 763 2688 Fuitlmectllere
777 2639 851 2684 Fran·

43 2696 99 2746 oinct
108 2709 251 2752 coaetanea,
272 2703 419 2758 instituitque
441 2701 547 2750 otiliam
564 2701 678 2755 cunnus
691 2696 850 2746 nouaclum

44 2756 86 2800 cub
96 2758 217 2807 duritrimo
227 2759 288 2804 rita·
298 2771 390 2813 genere.
449 2775 458 2785 =
