2132 3196
195 193 440 253 comv1v1um
460 191 703 260 raorouuro
812 203 849 261 ro

45 298 229 370 loeophorum
240 293 381 370 quoddam
392 317 480 372 genus
492 312 535 357 eet
545 307 641 371 triete,
661 321 802 370 severum,
811 306 850 362 le-

44 373 157 434 iunnm,
177 371 224 438 qui
239 372 358 423 bominis
368 367 504 426 summum
514 375 619 426 bonum
629 375 744 430 bonerto
755 377 850 430 nereio

1 453 2 459 ’
47 457 102 509 quo
115 443 280 492 metiuntur.
315 443 461 508 Epicurei,
481 440 744 508 bielongedirerei,
763 444 855 498 felici·

46 517 134 562 talem
147 507 268 560 hominis
279 511 424 576 voluptate
438 513 601 565 terminant.
641 527 687 564 cri.
706 516 749 565 Tu
764 517 851 582 igitur
951 549 953 556 ‹

48 579 127 630 cuiue
137 594 168 630 ea
179 576 309 630 tandeml
321 579 429 631 Stoicus
438 615 446 642 ,
456 581 670 647 errEpicureual
688 595 753 633 erre.
765 585 853 636 zeno·

45 663 111 700 uem
117 647 216 708 laudo,
226 648 413 714 atEpicurum
424 651 496 701 viro.
506 664 552 701 cu.
565 648 647 709 Quod
658 656 689 701 tu
700 652 761 702 ioco
771 651 853 715 (licie,

46 718 202 784 Augustino
209 751 217 778 ,
229 717 257 767 id
267 720 341 776 serio
352 718 480 770 factitant
489 717 572 788 bodie
586 733 641 769 non
651 721 746 786 pauci,
766 721 854 788 pallio

47 791 157 837 tantum
170 791 199 836 et
210 786 296 837 barba
306 785 473 854 philosophi.
491 803 556 840 luc.
575 787 634 840 loro
644 791 690 840 leti
701 789 747 842 rel
758 795 854 842 asotos

49 860 182 922 ruperant
196 855 274 906 luxu.
298 870 344 907 cu.
361 857 457 920 Heus,
476 858 597 920 Dromo,
619 859 685 910 ades
697 858 759 910 buc.
790 859 854 912 Tuo
921 864 923 874 “

48 938 167 975 munere
182 923 311 992 funger03
331 939 463 978 consecra
478 939 600 978 coenam.
633 943 696 980 luc.
720 927 857 994 Quicquid

50 991 209 1062 appetitum
230 1003 281 1054 ert,
301 1003 329 1047 ct
344 995 473 1069 qoicpoigl
493 1004 658 1062 apponetur,
673 995 749 1068 felix
763 1015 797 1050 ae
813 1013 855 1049 ra·

50 1079 126 1116 mum
142 1062 314 1126 ereeiobeot,
334 1065 381 1130 qui
392 1079 441 1115 roa
458 1057 629 1135 benignitate
641 1066 735 1134 parcit
749 1067 855 1120 enirm·

50 1147 90 1184 aa.
109 1130 206 1187 Amen.
229 1147 276 1184 cu.
292 1135 406 1200 oppone
417 1133 524 1200 epulas.
552 1135 627 1197 Quid
639 1135 799 1188 cunctamur
811 1151 855 1188 ca·
935 1171 940 1183 x

1 1209 2 1220 ¹
50 1215 115 1322 pum
128 1199 202 1251 hune
213 1202 386 1269 discerperet
411 1202 476 1270 quid
488 1205 657 1269 trepidamus
669 1205 741 1258 hunc
750 1207 855 1273 gallum

62 1271 196 1322 acerarel
207 1272 271 1322 ius.
281 1273 342 1340 Ego
354 1272 506 1325 Herculem
518 1277 679 1340 praestabo,
689 1291 721 1328 ae
732 1276 855 1328 belluam

49 1335 123 1390 banc
135 1341 291 1402 conficiam.
321 1342 418 1393 Utrum
429 1344 515 1397 mavis
527 1343 560 1394 de
572 1343 631 1405 ala,
648 1359 684 1394 an
696 1345 730 1395 de
742 1343 855 1413 popliti-

49 1407 121 1462 buel
148 1423 196 1460 cu.
218 1411 317 1460 Utrum
328 1414 383 1476 vis;
405 1409 474 1461 nihil
486 1425 549 1462 mea
559 1412 653 1463 refert.
674 1427 738 1464 ouo.
759 1414 791 1464 ln
801 1411 855 1466 bot

51 1491 155 1547 genere
168 1479 222 1530 alia
232 1479 339 1546 primae
351 1487 444 1548 partce
455 1481 630 1542 tribuuntor3
642 1483 668 1531 io
680 1484 796 1532 caeteris
806 1495 856 1546 po·
931 1482 938 1490 ⁴

50 1549 137 1616 plitea
148 1547 284 1601 lautiores
296 1557 375 1616 putat
385 1552 492 1618 vulgus.
524 1565 571 1602 cu.
595 1550 639 1601 Tu
650 1548 766 1600 multum
778 1548 856 1600 labo·

51 1619 91 1669 rie
111 1633 176 1669 mea
197 1633 279 1684 causa
296 1622 380 1688 capio.
419 1623 464 1671 'l'u
480 1620 648 1686 permultum
658 1618 782 1670 laborem
793 1632 857 1670 meu

52 1701 136 1740 muse
147 1691 244 1738 sumis.
265 1689 308 1740 Tu
321 1687 447 1742 omnibus
459 1691 617 1753 ministras;
637 1689 699 1756 ipse
709 1687 777 1740 nihil
788 1687 864 1748 celia.¹

50 1756 112 1824 Ego
124 1755 178 1807 tibi
190 1755 262 1808 hanc
273 1758 345 1809 alam
357 1760 534 1823 ministrab03
555 1765 584 1810 at
594 1774 628 1810 ca
639 1759 716 1828 lege,
735 1761 767 1808 ut
778 1757 857 1808 oimi·

52 1824 131 1878 (lium
143 1824 212 1875 mibi
225 1828 367 1879 restituae.
390 1844 454 1881 luc.
472 1831 551 1881 ltane
562 1828 672 1896 agitari
682 1826 803 1879 Atietud
814 1830 858 1878 cst
927 1843 932 1848 ·

50 1896 102 1948 tibi
124 1895 298 1960 ministrare,
318 1913 373 1950 non
394 1897 490 1959 mihi,
510 1898 575 1949 Tibi
592 1913 686 1950 serra:
708 1911 760 1964 ego
782 1894 856 1948 enim

50 1979 111 2016 eum
121 1965 319 2031 impudentior,
338 1979 420 2034 quem
433 1969 476 2019 cui
487 1967 641 2019 ministrari
651 1968 799 2034 quicquam
809 1963 857 2017 de·

50 2033 124 2087 beat.
146 2049 194 2086 cu.
212 2035 303 2086 Probe
315 2035 392 2089 fecie.
411 2051 475 2089 luc.
492 2036 566 2099 Ebc,
585 2043 616 2087 tu
627 2037 692 2104 lupo
703 2034 794 2087 cibum
807 2035 858 2084 mi·

1 2139 2 2150 ³
50 2103 176 2156 nistraal
194 2102 341 2157 Vulturem
353 2106 472 2157 inritael
487 2107 862 2166 cn.otiei11na=‚nencoe·-

51 2187 111 2226 rrae.
131 2187 197 2225 luc.
218 2176 277 2224 lmo
288 2190 332 2227 me
343 2189 398 2226 uno
409 2174 479 2227 nihil
490 2176 611 2227 edacius.
641 2189 689 2225 crr.
707 2174 765 2224 lmo
782 2184 856 2221 meu·

1 2249 4 2300 1
51 2243 147 2294 (lacius
159 2241 237 2294 nibil.
248 2243 370 2296 Proinde
381 2247 474 2312 agito,
486 2261 519 2294 ac
529 2245 556 2301 ai
566 2243 642 2294 (lomi
652 2242 692 2293 eie
704 2247 780 2292 tuae·
792 2253 857 2292 rue.
897 2292 899 2300 ,

2 2306 4 2350 ¹
51 2311 129 2364 Istud
139 2313 196 2364 iam
208 2313 290 2378 piane
300 2314 371 2364 mibi
381 2315 515 2380 persuasi.
535 2312 613 2362 Istud
629 2311 684 2361 ianr
697 2309 858 2362 inanimum

2 2387 3 2397 ¹
51 2380 160 2432 induxi.
188 2379 462 2444 Sicsteteeotentia.
492 2380 644 2433 Consilium
656 2385 713 2440 cet,
734 2378 858 2430 laludio·

53 2463 127 2502 cere.
149 2459 197 2501 cer.
209 2447 281 2510 Quid
291 2451 344 2501 tibi
354 2450 407 2502 boe
416 2453 508 2503 riuum
520 2446 631 2516 placet!
651 2447 725 2511 erid
735 2448 789 2500 boc
798 2447 860 2499 villi

52 2518 196 2571 delectet!
215 2535 280 2570 auc·
289 2518 361 2570 Mihi
367 2520 477 2588 quidem
488 2518 641 2585 perplacet.
658 2517 706 2568 Mc
718 2523 794 2569 certe
807 2532 858 2568 re·

52 2585 199 2642 bementer
210 2587 297 2652 iuret.
328 2589 456 2641 Mesatis
468 2589 597 2639 delectet.
618 2587 667 2638 Mo
682 2601 739 2638 non
755 2585 859 2637 medio·

2 2679 3 2706 l
53 2659 239 2780 pritepiurat.
266 2672 317 2714 cu·
338 2657 437 2715 Utrum
447 2655 552 2710 marist
571 2657 699 2721 rubrum,
721 2652 859 2708 uocandi·

2 2763 3 2772 κ
70 2743 116 2781 um
