2132 3196
217 225 393 308 reusam
416 223 657 290 assereris.
696 196 702 209 ’
809 236 844 290 2⁵

40 327 178 395 pollicitus
189 333 251 380 sutn
262 335 293 380 et
303 332 371 396 ipse.
407 332 476 382 Mox
492 333 597 400 agitari
609 343 736 402 coeptum
748 374 755 400 ,
777 344 843 391 utro

41 398 260 464 potiusiremus,
279 399 409 462 Romam,
429 416 463 450 an
477 403 702 468 compostellam.
723 405 842 465 l⁴¹autum

44 473 82 516 est
99 469 390 532 senatusconsultum,
417 476 449 518 ut
468 471 552 521 bonis
570 473 699 538 auspiciis
719 483 857 544 utroque'

15 595 19 604 1
43 536 173 600 postridie
185 539 424 603 proficisceremur
435 551 541 590 omnes.
566 555 608 590 co.
621 545 644 593 0
656 555 739 608 grave
751 546 847 598 docre-
901 533 909 549 ⁸

43 611 109 664 tum,
129 605 260 672 dignius,
281 607 431 674 quodvino
447 609 661 673 inscriberetur,
680 628 761 678 quam
778 615 846 666 aeri.
881 620 885 626 ‘

11 682 17 709 t
41 687 80 723 aa.
90 675 128 724 Ac
140 689 207 724 mox
219 676 320 741 ingens
336 677 498 727 obambulat
515 687 624 743 patera,
645 696 725 746 quarn
739 682 785 732 ubi
795 698 845 734 suu
883 703 885 722 ι

11 743 13 766 ⁵
43 744 152 808 quisque
161 743 263 794 ordine
274 745 419 807 ebibisset,
448 752 543 796 tutuno
561 746 663 799 fantum
681 757 724 800 est
735 751 846 802 inviola-

11 817 15 876 l
41 810 102 871 bile,
140 825 185 862 eor
219 813 424 881 Norareligio;
450 815 847 887 sednumomnibus‘contigit

11 863 16 930 l
41 880 146 932 reditus
158 881 325 932 incolumisl
353 899 396 933 aa.
417 884 566 946 Omnibus,
587 895 782 956 praeterquam
798 891 847 940 tri-

11 949 13 996 ὲ
41 949 101 1012 bus,
121 965 242 1017 quorum
255 961 327 1004 unus
336 954 364 1001 in
376 951 551 1018 proiectione
563 958 693 1017 morlens,
705 957 848 1012 nramlavit

11 997 14 1064 l
31 1019 137 1083 ¹bobia,
147 1025 181 1069 ut
192 1021 253 1072 suis
264 1022 356 1070 vorbis
372 1021 490 1073 salutem
503 1024 659 1076 diceremus
669 1023 754 1077 Petro
766 1033 794 1078 ut
803 1027 850 1078 la·
888 1085 890 1088 ,

11 1089 14 1144 l
42 1089 118 1140 eobo.
150 1088 237 1140 Alter
248 1089 458 1154 periitllomae,
479 1093 631 1160 iussitque,
650 1101 683 1144 ut
698 1111 749 1148 suo
761 1095 848 1148 nomi·

11 1187 12 1212 1
40 1171 72 1208 ne
81 1158 271 1208 salutaremus
281 1173 396 1210 uxursnr
408 1175 443 1210 ae
452 1159 566 1212 liberos.
595 1163 722 1215 'l'urtium
735 1166 848 1234 reliqui·

39 1239 97 1278 ntus
108 1227 290 1288 Florentiae,
311 1228 478 1279 valetudinis
488 1229 570 1296 plane
582 1232 754 1300 deploratae.
785 1235 849 1303 Opi·

11 1311 13 1346 ;
40 1297 157 1348 noriam
170 1311 235 1348 esse
246 1296 320 1360 apud
331 1311 454 1366 superos.
492 1314 535 1350 co.
567 1302 679 1354 Adeone
695 1303 754 1369 pius
767 1303 848 1354 erati

41 1379 83 1416 tu.
114 1365 465 1432 lmonugaturruaximus.
499 1381 543 1418 uo.
569 1368 645 1419 Unde
656 1371 848 1437 igituristbuc

40 1433 204 1500 suspicaret
225 1449 268 1487 ta.
280 1435 351 1495 Quia
362 1451 456 1501 peram
466 1434 587 1486 babebat
598 1438 780 1506 indulgentiis
792 1439 847 1490 lar·

40 1503 163 1568 gissimis
174 1503 344 1564 distentam„
364 1519 408 1555 co.
428 1505 529 1555 Audio:
552 1506 601 1556 sed
613 1506 721 1558 iterest
732 1507 846 1576 longum

38 1573 198 1635 incoatum,
210 1575 352 1636 nectutis,
362 1580 394 1623 ut
404 1573 497 1637 audio,
507 1579 606 1637 tutum,
619 1577 654 1628 ob
664 1575 848 1639 latrunculos,
900 1595 906 1608 ‘
928 1594 934 1597 ·

40 1643 85 1709 qui
96 1642 384 1722 obsidentuegiunem
402 1643 474 1693 atris
485 1643 614 1695 mediam.
650 1661 694 1698 tu.
729 1647 750 1698 V
753 1661 846 1696 urum:

38 1712 84 1763 sod
94 1713 145 1763 ille
156 1717 273 1764 sat—erat
283 1712 406 1763 atunitus
418 1713 626 1779 diplomatibus.
656 1730 700 1765 co.
724 1716 785 1776 Qua
796 1713 846 1764 lin·

37 1795 88 1848 gua
102 1780 271 1848 descriptisl
291 1796 335 1832 aa.
357 1784 489 1833 Romana.
511 1797 554 1849 uo.
573 1784 604 1836 ln
619 1788 679 1833 tuto
690 1789 732 1833 est
743 1781 849 1850 igitur!

39 1865 80 1900 sa.
113 1851 181 1912 Est,
203 1850 258 1900 uisi
273 1849 348 1906 forte
363 1839 468 1902 ineidat
481 1853 507 1899 in
521 1852 632 1916 genium
645 1852 779 1918 aliquem,
801 1851 847 1920 qui

38 1917 123 1970 latine
135 1919 257 1970 neseiat:
278 1925 336 1970 tum
349 1923 425 1970 esset
436 1919 477 1970 illi
488 1921 657 1986 redeundum
670 1921 796 1984 llomam3
819 1925 849 1974 et
945 1913 948 1920 ’

38 2003 139 2039 novum
153 1980 277 2054 diploma
292 1989 507 2052 impetrandum.
544 2003 586 2040 co.
608 1989 708 2040 Bullae
729 1989 849 2042 vendun-

31 2062 81 2108 tur
97 2057 158 2108 illie
169 2063 200 2108 et
210 2058 350 2108 mortuisb
374 2073 418 2108 aa.
439 2059 570 2109 Maxime.
602 2073 644 2109 co.
666 2057 721 2110 Sed
733 2058 847 2110 interim

11 2155 13 2164 ι
36 2123 105 2178 illud
124 2123 195 2176 milri
213 2125 370 2180 monendus.
382 2141 425 2188 es,
445 2127 556 2194 nequid
568 2127 680 2178 dilutius
692 2126 845 2190 incogitan-

11 2223 13 2250 2
37 2195 104 2246 tius:
135 2195 193 2244 iam
206 2195 279 2246 enim
291 2194 649 2266 Corynaeis*)plenasunt
660 2194 761 2244 omnia.
798 2205 845 2244 sa.

11 2305 13 2310 .
36 2261 175 2330 ligavero
191 2261 260 2323 nibil
276 2263 354 2315 oleru
369 2265 571 2331 indulgentias,
601 2263 651 2314 sed
672 2261 846 2312 combibonis

37 2333 88 2385 mei
100 2331 254 2403 stultitiam
267 2331 360 2393 rideo,
371 2333 418 2400 qui
429 2347 511 2399 quum
524 2336 600 2383 esset
610 2331 713 2398 alioqui
725 2336 847 2398 nugator

36 2402 254 2468 nugacissimus,
262 2401 364 2456 salutis
374 2417 442 2452 suae
449 2415 580 2467 proram,
591 2406 622 2450 ut
633 2401 725 2462 aiunt,
737 2416 769 2451 ae
780 2415 848 2467 pup·
926 2431 928 2439 ,

37 2469 90 2533 pim
102 2470 313 2523 inemenrbranu
329 2471 477 2522 elaborarit
493 2471 597 2536 potius,
616 2484 697 2536 quam
716 2469 743 2518 in
754 2481 848 2520 corre·

38 2539 88 2592 ctis
99 2535 260 2590 affectibus.
306 2539 361 2592 Sed
371 2539 492 2606 qrrando
500 2537 626 2590 fruemur
634 2539 685 2592 illa
693 2537 847 2605 voluptate,

11 2659 13 2690 l
62 2660 83 2718 'b
97 2659 118 2704 1.
128 2673 150 2702 s.
161 2655 354 2704 observatoribiu.
366 2638 482 2712 Cataraei,
496 2673 537 2716 por
546 2664 624 2714 portus
633 2657 805 2716 eutycianam
814 2655 852 2698 da·

11 2699 12 2764 l
120 2717 206 2784 sponsi,
213 2719 381 2768 negotiatorum
386 2729 474 2761 curruum
480 2717 664 2774 inmunitates
674 2713 755 2760 deinde
764 2711 848 2770 pinli!

119 2771 293 2826 ssl'mfidsbut.
346 2795 350 2802 ·
