2160 3192
200 147 253 204 232
368 141 612 207 lNQUISlTIO
637 141 696 196 DE
724 142 834 196 FIDE.

200 256 260 313 est,
281 247 455 315 quantumvis
467 245 571 299 homini
591 245 719 298 videatur
739 247 924 314 impossibile.
961 247 1007 303 'lta

198 319 487 382 neumnensium
505 317 623 378 diffisus,
641 323 718 367 totns
730 318 764 369 ab
786 309 1007 384 iiiospendeam

200 389 248 455 qui
269 394 364 453 potest
384 389 488 440 omnia.
524 387 576 437 Ubi
598 387 764 454 sapientiam
783 388 862 438 iilius
877 389 1008 452 intueor,
1078 429 1079 436 ,

135 471 140 474 ·
198 456 375 518 nilriltribuo.
388 473 466 509 meae
477 458 644 522 sapientiae,
657 471 749 508 rerum
760 457 843 507 credo
856 458 953 508 onmia
965 473 1007 510 re-

199 527 324 580 ctissime
336 528 542 594 iustissimeque
554 528 589 578 ab
601 542 634 591 eo
646 528 714 588 fiori,
729 527 841 588 etiamsi
851 527 934 577 iuxta
945 543 1008 578 aen·

198 612 259 649 aurn
272 597 420 649 humanum
431 597 577 648 videantur
588 597 709 648 absurda
720 605 768 648 ant
779 597 881 663 iniqua.
912 597 1008 658 ouum
1019 603 1021 607 '

197 667 357 720 bonitatam
369 666 524 727 considero,
545 664 626 717 video
639 665 709 716 nihil
725 667 832 718 esae‘in
854 681 907 726 me,
929 665 1009 730 quod

197 737 277 789 illius
288 737 428 804 gratuitae
441 737 639 807 beneficentiae
650 750 703 786 non
715 736 843 786 debeam:
855 741 885 786 et
897 735 1008 788 nullom

199 809 322 859 arbitror
333 822 393 858 esse
405 811 512 860 tantum
525 807 637 864 crImen,
648 805 722 869 quoti
735 805 784 854 iilo
795 803 867 853 nolit
878 803 1009 870 ignosce·

97 914 100 922 ,
198 891 231 928 re
242 875 427 942 resipiscenti:
439 891 527 940 neque
538 873 687 939 quidquam
694 883 763 934 esse,
770 872 840 938 quod
848 871 896 924 iile
905 875 1008 924 nonsit

198 945 355 1013 largiturus
367 959 430 998 curn
441 944 543 994 fiducia
554 941 666 1008 petenti.
704 958 749 993 nu.
768 943 840 992 Num
852 943 924 994 satis
943 957 1008 996 esse
1027 955 1034 986 i

199 1015 376 1083 putas„quod
386 1013 477 1064 orodis
488 1013 633 1063 illunrease
645 1010 746 1062 talemi·
757 1026 801 1062 aa.
813 1011 1008 1078 Nequaquam,

200 1085 250 1136 aed
261 1084 369 1134 sincero
381 1081 484 1139 affeetu
493 1088 582 1132 totam
595 1081 721 1134 fiduciam
733 1097 766 1133 ne
777 1079 854 1146 spem
874 1082 903 1131 in
921 1082 1007 1134 ilium

82 1157 93 1164 ”
160 1189 162 1203 i
198 1166 285 1204 unum
297 1149 446 1211 transfero,
459 1152 600 1202 detestans
612 1150 754 1214 satanam,
770 1166 935 1218 omnemque
946 1153 1008 1204 ido·

89 1215 93 1223 ’
134 1257 137 1262 -
186 1220 352 1282 lolatriam,
371 1225 399 1280 ot
411 1218 545 1288 quidquid
567 1227 609 1272 est
632 1221 735 1272 artium
754 1221 935 1292 magicarum.
973 1221 1009 1274 ll·

199 1290 259 1342 lum
270 1289 360 1340 solum
372 1289 473 1352 adoro,
494 1290 565 1342 nihil
577 1291 620 1340 ilii
640 1305 690 1342 nee
711 1290 878 1357 praeferens,
899 1289 952 1343 r'rec
963 1306 1005 1342 aa·

201 1375 302 1428 quans3
313 1375 368 1410 non
377 1360 514 1428 angeium,
525 1375 578 1413 non
591 1366 729 1426 parentes,
749 1375 803 1410 non
814 1360 929 1422 liberos,
950 1375 1007 1411 non
1037 1389 1039 1398 ν

104 1449 105 1456 ’
199 1445 325 1492 uxorem,
340 1445 395 1480 non
407 1431 568 1496 principem,
583 1445 638 1480 non
651 1445 727 1494 opes,
747 1445 800 1479 non
812 1427 940 1490 honores,
952 1445 1007 1481 non

200 1501 372 1566 voluptatem
384 1505 496 1565 paratus
508 1507 537 1550 ot
546 1500 632 1550 vitam
643 1499 720 1549 illius
732 1513 830 1550 caussa
841 1499 971 1564 perdere,
983 1499 1008 1550 si

201 1569 329 1637 iusserim
350 1573 441 1626 certus
453 1582 514 1618 eum
525 1582 580 1618 non
589 1583 673 1633 posse
686 1569 786 1634 perire,
808 1571 853 1635 qui
866 1585 896 1619 se
916 1574 1007 1618 toturn

179 1637 247 1689 -itii
267 1635 424 1688 tradiderit.
457 1649 507 1687 au,
525 1634 603 1687 Nihil
623 1637 711 1704 igitur
729 1639 807 1700 colia,
827 1637 895 1688 nihil
915 1638 1008 1698 times,

202 1707 274 1758 nihil
284 1721 369 1768 amaa,
385 1704 440 1756 nisi
456 1720 539 1756 unum
550 1705 659 1758 Deum'l
680 1721 725 1760 aa.
744 1708 774 1759 si
793 1707 861 1774 quid
879 1703 1007 1768 veneror,

204 1777 230 1826 ai
243 1775 309 1842 quid
320 1781 424 1836 metuo,
440 1774 541 1842 siquid
552 1782 817 1843 aanopraetereum,
838 1774 896 1828 eius
908 1791 1008 1827 caussa

203 1859 276 1905 amo,
288 1850 390 1904 metuo,
411 1843 483 1906 colo,
505 1845 598 1896 omnia
609 1846 643 1896 ad
654 1845 729 1896 iliius
741 1847 860 1914 gloriam
870 1845 1006 1908 reserens,

203 1926 312 1978 sempor
322 1912 366 1963 illi
377 1913 482 1980 gratiae
494 1928 588 1980 agens,
604 1916 661 1966 sive
672 1916 749 1966 laeta
759 1918 932 1984 contingunt,
948 1916 1007 1966 sire

201 1983 309 2035 tristia:
330 1982 470 2032 sinemuri
483 1981 573 2047 datur,
596 1985 763 2037 aivevivere.
800 2001 846 2039 au.
865 1985 938 2037 Sana
950 1984 1008 2052 qui·

203 2055 265 2106 dem
277 2051 464 2105 esthactenus
479 2057 528 2104 tua
547 2056 646 2106 oratio.
683 2055 726 2108 Do
745 2055 865 2106 secunda
886 2069 1008 2121 persona

139 2163 140 2168 ¹
203 2122 384 2190 quidsantisi
406 2136 451 2174 an.
470 2119 626 2176 sciscitare.
657 2139 701 2175 nu.
721 2125 826 2185 Credis,
838 2125 926 2174 lesum
938 2123 1007 2174 fuis·

203 2193 334 2244 aaDeum
346 2200 374 2248 et
395 2190 551 2250 hominem?
571 2209 615 2244 aa.
634 2193 767 2245 Maxime.
803 2209 849 2246 nu.
868 2195 922 2256 Qui
947 2191 1007 2244 fieri

204 2263 305 2326 potuit,
316 2269 348 2314 ut
357 2262 431 2314 idem
444 2264 480 2312 ait
491 2261 756 2324 Deos'immortalis,
770 2267 798 2314 et
808 2261 892 2312 homo
905 2266 1007 2314 morta·

203 2329 257 2379 list
278 2345 323 2380 nn.
342 2331 423 2382 Istud
432 2330 475 2382 illi
487 2330 572 2384 facile
590 2331 643 2383 tuit
664 2333 782 2395 eilieore,
803 2333 851 2399 qui
870 2329 1006 2399 quidquid

203 2397 274 2458 vult,
285 2405 386 2462 potest.
415 2401 452 2450 Et
462 2402 497 2452 ob
509 2401 630 2454 divinam
641 2409 782 2462 naturam,
798 2411 879 2467 quam
891 2400 1005 2452 eandem

203 2464 288 2516 habet
300 2481 361 2516 cum
373 2473 461 2533 patre,
473 2471 608 2538 quidquid
619 2469 829 2537 magnitudinis,
840 2470 1005 2534 sapientiae,

55 2605 57 2614 ,
139 2543 141 2552 ‘
204 2540 233 2586 et
243 2535 377 2586 bonitatis
389 2539 511 2596 attribuo
522 2539 605 2606 patri,
614 2538 688 2591 idem
700 2540 794 2590 tribuo
806 2545 834 2590 et
845 2539 917 2590 filio:
930 2537 1007 2605 quid·
1020 2544 1023 2549 '

203 2603 273 2670 quid
283 2603 369 2655 dobeo
381 2603 463 2670 pa'tri,
484 2607 571 2660 debeo
581 2615 610 2662 et
619 2601 690 2659 tilio:
714 2609 768 2658 nisi
781 2607 853 2674 quod
863 2609 905 2660 ita
914 2609 1005 2659 visum

203 2678 248 2728 eat
259 2672 342 2743 patri,
363 2678 396 2725 ut
404 2688 455 2742 per
464 2675 551 2729 filium
562 2675 727 2731 concederat
738 2691 771 2730 ac
786 2676 906 2730 donaret
925 2677 1004 2731 nobis
