2150 3198
206 186 258 242 122
328 161 574 252 convniam
600 151 890 258 numerosum.
977 207 981 211 -
1032 203 1035 210 s

204 289 438 358 inquibuslibet,
451 304 502 356 pro
514 288 682 340 necessitate
692 283 859 354 corpusculi.
868 285 904 338 m
913 284 1022 352 pseud·

205 358 325 426 apostoli
347 359 520 410 conabantur
538 355 592 408 hoc
614 355 798 422 persuadere,
821 353 959 421 quosdam
982 355 1021 408 ci·

203 429 256 480 bos
267 443 318 494 per
328 443 358 478 se
369 429 493 494 impuros
505 441 581 488 esse,
604 441 656 476 nec
671 423 867 476 abstinendtun
875 439 927 491 per
937 438 1027 494 ocoag

205 498 328 559 sionem,
347 497 396 548 sed
408 511 517 562 semper
535 495 568 546 ab
580 492 623 544 his
634 493 860 560 temperandum,
879 501 1020 559 tanquam
1059 495 1064 500 '

205 572 309 619 natura
328 565 422 628 malis,
444 580 495 616 nec
510 564 593 616 aliter
606 577 688 630 quam
699 562 871 614 abstinemus
882 561 917 612 ab
928 560 1023 614 homi·

149 677 151 686 .
206 635 279 688 cidio
292 640 320 687 et
331 634 480 686 adulterio.
514 630 1021 700 Hocquibuseratpersuasumred·
1070 667 1074 698 ς

135 730 137 743 ·
205 705 265 758 e‘cti
287 707 368 756 crant
386 702 436 753 sub
456 702 576 753 alienam
616 706 780 763 otestatem,
808 706 838 752 et
852 699 1021 754 exciderant
1074 708 1075 711 ’

205 771 566 840 ebevangclicalibcrtate.
595 717 690 835 dolus,
709 767 784 838 quod
796 768 908 836 quidem
921 771 1021 823 memi-
1074 768 1075 773 ’

205 845 295 896 nerim
307 877 315 904 ,
346 839 577 908 'l'heophylactus
597 836 766 890 sententiam
787 838 896 890 inducit
915 839 952 890 ab
974 838 1021 890 his

207 911 336 965 omnibus
348 911 501 962 diversam:
523 909 604 963 Licet
614 908 684 960 nesci
695 907 855 976 quibuslicet
866 907 951 971 cibis,
970 908 1020 962 sed

156 1036 159 1048 ,
208 997 261 1037 nen
273 979 380 1046 expedit
392 978 544 1033 immodice.
579 976 652 1047 Nem
669 995 703 1031 ex
716 979 783 1030 luxu
794 967 1021 1046 nasciturimps·

207 1049 315 1102 dicitis.
330 1049 383 1100 llic
395 1063 664 1116 sensus,quanquam
675 1047 776 1114 impius
787 1061 842 1098 non
855 1053 909 1111 est,
920 1052 1021 1100 tamen

206 1118 277 1170 mihi
289 1132 345 1168 non
356 1117 468 1169 videtur
480 1117 561 1168 huius
574 1115 628 1168 leci
640 1130 786 1184 germanus
797 1131 867 1168 esse.
887 1115 1021 1182 Ostendi,

207 1201 278 1254 qnae
298 1201 343 1237 me
364 1190 528 1254 torqueant:
548 1192 660 1238 vestrae
677 1184 904 1250 charitatiserit,
924 1200 1020 1238 mccx

207 1254 251 1306 his
263 1253 400 1322 scrupulis
412 1256 544 1308 eximere.
571 1269 618 1306 au.
631 1255 730 1307 Naetu
742 1255 889 1321 probetne
902 1270 1019 1322 respon·
1065 1258 1069 1266 '

110 1333 116 1340 '
208 1324 257 1376 des
279 1324 395 1380 nomini.
439 1325 495 1388 Qui
509 1325 645 1376 sicnevit
656 1339 812 1392 proponere
823 1324 1019 1390 quaestiones,

165 1448 167 1455 .
207 1408 263 1445 non
276 1407 346 1460 opus
358 1392 444 1446 habet
456 1393 527 1458 a‘iio,
548 1393 597 1462 qui
606 1393 750 1446 dissolvat.
770 1391 816 1444 Sic
827 1395 899 1444 enim
910 1407 1018 1460 propo-

208 1463 289 1515 suisti
302 1462 507 1516 dubitationem
517 1469 608 1525 tuam,
619 1467 651 1514 ut
662 1477 713 1531 ego
724 1463 855 1515 dubitare
867 1463 1012 1517 desierim.

207 1532 335 1584 Tametsi
346 1531 449 1582 Paulus
460 1531 489 1582 in
501 1530 675 1599 ea'epistola,
688 1531 819 1600 quoniam
829 1531 920 1583 multu
930 1531 1017 1584 simul

209 1599 334 1652 decrerit
345 1614 447 1668 agere,
458 1615 543 1668 saepe
554 1602 588 1652 eb
598 1615 655 1652 uno
666 1607 832 1670 argumento
843 1603 871 1652 in
884 1601 960 1653 aliud
969 1599 1015 1661 de·

208 1669 344 1732 volvitur,
366 1673 394 1720 et
403 1675 529 1732 rursum,
545 1670 617 1738 quod
630 1669 831 1734 intermiserat,
842 1671 955 1738 repetit.
967 1685 1015 1726 cis.

208 1737 743 1807 Niciverercr,nevosmealoquacitate
753 1751 867 1792 evocem
879 1739 1016 1808 acapieu·

209 1806 244 1857 do
255 1807 331 1870 cibo,
343 1812 372 1858 et
383 1807 407 1857 si
420 1806 562 1861 crederem
573 1807 616 1860 ias
627 1824 688 1861 esse
699 1815 756 1860 tam
768 1811 854 1862 sacris
864 1809 1015 1879 colloquiis

208 1875 364 1926 admiscere
375 1877 520 1943 quicquam
533 1892 566 1929 ex
578 1879 704 1944 profanis
722 1877 903 1941 auctordrus„
915 1894 1015 1946 propo·

208 1958 299 1995 nerem
312 1950 340 1995 et
351 1944 411 2011 ipsc
422 1945 563 2012 quiddam,
574 1946 647 2013 quad
659 1945 743 2000 hodic
753 1946 891 2014 legentem
903 1963 947 2000 me
958 1963 1013 2000 nou

208 2015 306 2074 torsit,
322 2013 371 2065 sed
383 2016 464 2066 unice
475 2015 635 2068 delectavit.
662 2029 710 2073 uo.
729 2016 788 2068 lmo
799 2015 948 2082 orclanum
957 2017 1013 2072 dici

208 2097 264 2134 non
277 2081 373 2148 debet,
391 2081 521 2150 quicquid
533 2085 608 2152 pium
626 2091 685 2148 est,
703 2089 733 2136 et
753 2085 788 2136 ad
811 2085 901 2146 bonos
920 2101 1013 2140 mores

198 2151 375 2206 conducens.
387 2149 480 2205 Sacris
511 2153 602 2206 uidem
614 2153 704 2207 litenis
716 2155 820 2223 ubique
830 2157 920 2222 prims
931 2155 1014 2209 debc-

189 2273 195 2280 ,
207 2227 255 2272 tur
264 2223 433 2287 auctoritas3
464 2169 514 2274 sed
525 2227 618 2276 tannen
629 2239 680 2292 ega
692 2238 889 2290 nonnunquam
900 2223 1011 2278 offendo

208 2290 345 2356 quaedam
356 2292 402 2344 vel
413 2293 489 2344 dicta
499 2306 517 2342 a
526 2293 685 2357 veteribus,
704 2294 751 2345 vel
764 2295 870 2364 scripta
879 2296 914 2348 ab
926 2291 1014 2347 ethni·

210 2357 268 2419 cis,
288 2361 372 2412 etiam
384 2364 489 2428 poetis,
505 2366 561 2414 tam
573 2370 665 2426 caste,
684 2367 741 2414 tam
753 2369 863 2428 sancte,
873 2368 932 2414 tam
945 2363 1024 2415 divi-a

209 2425 298 2488 nitus,
318 2433 350 2478 ut
360 2429 427 2480 mihi
439 2445 494 2482 non
504 2431 608 2498 possim
625 2431 807 2499 persuadere,
836 2431 903 2501 quin
918 2438 1014 2498 pectus

208 2494 337 2558 illorum,
349 2512 431 2566 quum
442 2498 491 2551 illa
502 2502 666 2563 scriberent,
677 2516 776 2552 numen
788 2499 903 2567 aliquod
912 2501 1018 2570 bortum

210 2563 370 2630 agitaverit.
390 2567 428 2618 Et
439 2567 560 2620 fortasse
569 2569 656 2621 letius
667 2585 698 2621 se
708 2568 802 2638 fundit
812 2572 925 2638 spiritus
938 2569 1013 2622 Cleri·

210 2633 261 2696 sti,
280 2649 361 2700 qnam
372 2649 423 2686 nos
434 2635 677 2704 interpretaturum
696 2639 735 2690 Et
748 2637 828 2690 niulti
839 2640 943 2695 suntin
954 2655 1013 2692 con·

184 2766 192 2778 .
208 2702 301 2770 *sertio
312 2708 535 2774 sanctorum‚qui
546 2721 602 2779 non
611 2712 676 2761 suut
686 2707 760 2778 apud
771 2723 822 2762 nos
832 2708 862 2764 in
873 2707 1011 2778 catalogo.
