2150 3198
178 168 229 228 120
266 183 270 188 '
305 167 558 224 couviviunr
582 167 862 222 Buxlurosunr.

178 289 235 335 mo,
265 273 337 342 puori
356 289 434 326 suam
455 281 508 336 est,
535 281 665 340 quaeret,
696 273 744 337 recl
767 275 840 350 puori
861 272 996 326 alterius.

181 341 283 403 Omne,
300 343 625 408 puodinmacellcoenit,
638 344 817 396 etcaducate.
836 341 900 410 Hoc
912 343 995 409 quod
1021 399 1023 402 ,
1058 409 1064 412 .

178 411 223 462 bie
234 411 350 463 subiicit
361 411 477 476 Paulus,
493 422 647 478 congruere
656 412 767 463 uidetur
775 425 838 464 cunr
850 426 899 472 eo,
932 411 993 462 uod

179 480 400 546 supradixerat:
419 481 493 535 Esca
505 481 608 543 veratri,
627 489 655 532 et
667 489 760 533 center
772 478 839 533 escis
847 515 855 541 ,
863 499 867 502 ·
875 427 992 532 etdunc

180 547 491 602 transcurreremus.
506 551 587 613 Quod
600 555 696 601 autern
707 545 830 616 respexit
840 546 886 599 bic
899 550 992 598 etiam

180 617 215 670 ad
227 618 369 670 Iudaicum
382 619 506 669 ciborum
519 620 658 672 delectum
668 653 676 680 ‚
686 618 793 670 indicet
804 617 932 669 clausula
945 615 988 668 10.

105 695 109 704 ’
181 702 244 754 cap.v
280 686 343 740 Sine
354 686 505 755 offensione
519 697 604 740 estote
615 687 726 741 iudaeis
737 697 764 740 et
772 685 897 756 gentibus
907 693 936 737 et
945 699 989 736 ec·

181 754 278 808 clerice
297 753 366 818 Des,
397 757 469 810 sicut
489 766 516 808 et
532 774 582 826 rgo
590 774 641 824 per
652 757 742 808 omnia
754 754 873 808 orientius
880 757 990 822 placeo,

179 839 232 880 acre
244 841 390 892 quaerent„
403 827 475 892 quod
484 824 550 876 otili
561 827 628 878 utile
639 835 687 888 est,
702 827 749 878 ted
758 825 829 894 quod
837 822 943 886 meltis,
956 830 991 874 ct

179 893 340 962 salvificat.
359 893 429 946 Nani
442 891 515 960 quod
527 897 581 948 ait:
603 890 989 966 gentibus,.pertinereuide·
1027 951 1031 965 ,

178 969 226 1016 tur
246 963 280 1014 ad
295 962 499 1030 idolothytum
529 963 663 1030 quodaitr
685 964 808 1025 iuduere,
828 961 936 1014 referre
946 960 990 1012 vi'·

179 1032 262 1084 detur
272 1033 307 1083 ad
319 1031 456 1082 delectum
469 1032 607 1097 ciborum
629 1033 703 1100 quod
715 1037 767 1084 ait:
780 1027 1004 1091 ecclesiaeDei,·

115 1149 118 1156 ,
179 1100 300 1168 pertinet
311 1100 345 1151 ad
358 1100 484 1152 infirmos
496 1117 530 1154 ex
541 1109 660 1172 utroque
671 1116 774 1169 genere
785 1101 929 1152 collectos.
941 1099 997 1149 Li:

111 1192 115 1202 ·
179 1169 261 1228 cebet
270 1168 357 1235 igitur
369 1171 441 1221 vesci
453 1171 618 1237 quibuslibet
630 1173 714 1236 cibis,
733 1176 761 1224 et
777 1171 871 1223 omnia
881 1167 990 1222 munda

178 1237 300 1288 mundis.
341 1235 447 1289 Verum
468 1240 567 1292 incidit
589 1256 684 1302 casua,
711 1247 744 1291 ut
766 1255 820 1291 non
840 1236 989 1304 expediet·

78 1323 81 1328 ’
179 1305 261 1370 Quod
274 1305 367 1358 omnia
378 1307 516 1373 licebant,
538 1310 681 1362 libertatis
703 1315 764 1361 erat
784 1307 988 1373 Evangelicaer

179 1376 230 1444 sed
242 1375 364 1428 charitas
375 1376 476 1445 ubique
486 1386 608 1444 spectat,
627 1377 692 1446 quid
703 1379 839 1430 conducat
860 1375 895 1426 ad
911 1375 987 1426 salu·

179 1451 238 1498 tem
259 1448 393 1513 proximi,
418 1463 507 1515 eoque
517 1448 678 1514 frequenter
689 1448 812 1500 abstinet
821 1451 849 1497 ct
860 1459 877 1496 a
888 1444 985 1507 licitis,

179 1517 287 1567 nnalcns
308 1515 496 1570 obsecundare
519 1517 665 1568 commodo
680 1517 817 1583 proximi,
841 1523 924 1582 quani
934 1529 986 1566 sua

178 1585 222 1635 uti
230 1584 371 1636 libertate.
390 1583 446 1636 Sed
456 1585 501 1638 hic
511 1583 576 1636 rnihi
588 1589 714 1651 geminus
725 1584 861 1651 obstrepit
871 1598 989 1649 scrupu-v

178 1651 236 1706 lus:
257 1651 394 1720 primunr,
409 1652 483 1719 quod
494 1657 522 1706 in
534 1657 668 1707 sermonis
680 1660 813 1707 contextu
824 1651 894 1704 nibil
905 1659 986 1718 prae·
1057 1668 1068 1684 ²

180 1722 276 1785 cedat,
294 1728 344 1776 uut
354 1729 499 1789 sequatur,
510 1725 585 1792 quod
596 1741 658 1776 curn
669 1724 722 1776 hoc
733 1725 815 1776 sensu
826 1721 988 1788 cohaereat*

178 1789 250 1859 Nam
273 1791 434 1858 obiurgarat
455 1791 627 1857 Corinthios,
648 1793 827 1860 quodensent
847 1791 985 1854 seditiosi,

179 1857 252 1926 quod
268 1861 500 1931 scortationibus,
522 1863 683 1924 adulteriis,
702 1868 786 1928 atque
807 1863 894 1920 etiarn
912 1860 986 1912 ince-

176 1928 232 1980 'stis
244 1928 433 1995 impuri,quod
443 1931 589 1998 litigarent
598 1933 670 1996 apud
682 1932 783 1985 iudices
792 1931 904 1997 impios.
916 1930 983 1980 Cum

177 1996 223 2050 bis
234 1998 281 2066 qui
293 1994 439 2062 cohaeret,
459 2001 548 2054 carnin
567 1999 634 2054 arilei
652 2001 747 2063 licent,
775 2001 883 2052 sednon
894 1997 984 2050 omnia

180 2067 345 2136 expediunt?
363 2069 401 2123 Et
411 2071 440 2120 in
451 2069 494 2121 his
507 2085 578 2137 quae
589 2076 758 2136 sequuntur,
779 2069 854 2121 redit
870 2068 906 2119 ad
922 2082 985 2121 acu·-

158 2171 160 2181 ,
178 2153 237 2189 sam
247 2135 452 2204 impudicitiae,
469 2154 551 2206 quam
561 2143 711 2205 repetierat
721 2144 750 2191 ct
759 2137 984 2200 ante,intcrmis·

137 2247 139 2250 .
178 2221 209 2256 κο
223 2209 338 2274 negotio
350 2209 450 2260 litium.
471 2209 687 2276 Carpocratem,
707 2208 807 2273 inquit,
828 2205 983 2326 mest-'’⁸²'‘

179 2273 297 2335 rationi,
316 2273 504 2341 sedDomt'no,
524 2289 551 2331 et
564 2275 701 2331 Dominus
720 2276 838 2344 corpori.

177 2339 251 2392 bunc
266 2357 376 2409 quoque
392 2347 550 2414 scrupulum
562 2349 672 2412 possum
682 2353 821 2414 utcunque
833 2345 982 2408 discutere,

177 2409 250 2476 quod
270 2411 355 2476 paulo
372 2419 500 2479 superius
515 2417 544 2466 in
561 2417 690 2484 catalogo
701 2417 832 2468 uitiorum
843 2414 985 2476 meminis,
1000 2457 1004 2465 ,

75 2511 76 2514 =
173 2479 981 2552 sctctidololutriac:Noliteerrarc‚nequefornicarii,ne·

166 2563 229 2614 apuu
244 2547 330 2600 idolis
345 2555 511 2616 servientes,
532 2569 621 2620 neque
643 2555 774 2608 adulteri.
810 2553 898 2604 Porro
920 2567 981 2604 esus

175 2615 396 2686 idolothytorum
408 2619 541 2689 vergebat
554 2621 590 2672 ad
601 2623 722 2688 speciem
734 2621 925 2675 idololatriac.
945 2622 981 2674 Et

85 2703 88 2709 ’
175 2687 242 2762 idco
250 2701 315 2740 mox
327 2689 433 2753 subdit,
451 2691 526 2743 Eece
536 2691 648 2758 ventri,
657 2699 684 2744 et
693 2701 786 2760 venter
797 2691 885 2754 εεοὺς
899 2691 981 2762 signi·

904 2289 981 2326 eslim
1073 2297 1074 2304 ³
