2150 3198
214 174 267 233 ise
351 169 621 234 reornaosrs
639 169 900 228 cnomonrs..-
926 137 929 142 ’

215 293 261 330 νο.
283 275 435 339 Quidnam,
448 275 581 331 obsecro!
593 291 638 328 aa.
655 275 719 328 Non
730 281 772 328 est
782 275 952 328 tarnatense.
974 290 1018 328 νο.

216 348 306 411 Quam
318 345 440 398 ob'romi
452 362 497 398 sn.
517 345 589 410 Quia
597 345 644 411 qui
656 343 962 412 'credidit-stipulatus
977 350 1022 398 est

216 415 312 467 arcani
323 414 472 467 silentium.
508 431 552 466 νο.
570 414 674 466 Eadem
691 414 754 481 lege
768 416 912 478 committe
927 422 957 466 et
970 415 1022 466 mi·
1049 445 1057 453 ν

169 543 175 546 ,
220 484 260 543 hi:
278 483 384 550 recipio
395 485 600 536 tibisiIentium
617 483 724 551 optima
739 483 803 534 tide.
824 499 885 534 aa.
913 484 1024 546 Quam·

220 568 302 622 quam
314 553 370 605 ista
381 552 450 605 fides
460 568 504 604 me
515 553 570 602 iam
581 565 781 618 saepenumero
797 551 911 614 fefellit,
928 559 1023 604 tamen

220 627 288 689 a'ge,
301 624 487 682 committam:
500 621 662 687 praesertim
674 635 758 688 quum
770 636 815 672 res
825 621 863 672 sit
872 622 934 686 eius
942 637 1024 688 gene·

146 703 148 710 ’
170 729 172 734 ,
219 692 274 753 ris,
294 697 327 744 ut
343 691 472 756 expediat
489 691 582 750 etiam,
597 704 658 740 esse
679 695 774 740 notam
795 690 1023 742 bonisomnibus.

220 760 424 827 EstTubingee
436 758 546 826 quidam
558 757 679 811 instituti
689 758 876 820 Franciseani,
884 758 929 808 vir
939 759 1025 825 omni·
1070 819 1073 824 Ι

220 832 272 884 bus
282 828 396 882 habitus
405 828 523 882 eximiae
535 827 744 889 sanctimoniae,
756 833 950 893 praeterquam
959 827 1024 894 ipsi.

166 909 172 914 ’
221 915 266 952 νο.
275 898 416 966 'Magnum
430 898 500 950 dieis
511 901 704 964 argumentum
714 911 798 949 verae
814 896 1026 948 sanctimoniae.

224 985 270 1032 an,
289 969 311 1019 Α
327 970 461 1026 'nosceres
472 965 621 1028 hominem,
633 971 663 1018 et
673 963 804 1018 fatereris
815 979 920 1028 nomm,
943 966 972 1017 si
979 979 1027 1017 ne·

220 1052 284 1090 men
295 985 414 1096 ederent.
450 1051 494 1088 νο.
513 1033 770 1098 Quidnidivinemi
788 1051 834 1086 aa.
851 1033 943 1088 Licet.
981 1049 1026 1086 νο.

221 1106 344 1159 admove
354 1120 461 1160 aurem.
479 1103 697 1170 aa.t1uidopus,
708 1119 792 1171 quum
802 1105 887 1156 sinsus
896 1103 973 1162 soli!
983 1119 1027 1156 νο.

153 1177 159 1188 “
221 1174 270 1226 lta
281 1180 405 1227 mosest.
441 1188 487 1225 aa.
505 1173 532 1224 is
544 1175 604 1239 ipse
616 1180 668 1224 ost.
703 1189 748 1226 eo.
767 1171 912 1230 Esthonie
928 1173 1028 1225 certis·

223 1243 310 1296 simae
337 1242 412 1296 fidei.
461 1241 535 1294 Mihi
550 1241 677 1309 Sibyllae
697 1242 796 1300 folium
810 1243 872 1306 erit,
892 1241 1029 1311 quioquid

131 1375 135 1388 1
222 1313 396 1378 illedixerit.
431 1327 477 1364 aa.
496 1313 672 1378 dudi-igitur
687 1318 777 1364 totum
793 1311 938 1380 dialogum
954 1313 1029 1364 bona
1071 1361 1073 1368 s

223 1380 290 1448 fide.
325 1381 496 1452 Aegrotabat
512 1388 609 1434 noster
623 1379 805 1443 limentinus,
824 1385 893 1434 satis
914 1381 1028 1449 quidem

223 1453 387 1522 periculose,
397 1451 445 1502 sed
453 1453 499 1514 ita,
507 1453 615 1503 otbona
625 1465 689 1516 spes
699 1457 781 1513 esset,
794 1449 907 1513 fore,ut
919 1451 1028 1503 revale-

223 1528 324 1584 sceret,
333 1521 377 1572 uir
386 1522 495 1588 dignus,
511 1520 557 1586 qui
566 1533 703 1586 nonquam
715 1525 883 1582 senesceret,
898 1526 1027 1588 aegrota·

223 1598 283 1654 ret,
299 1595 349 1641 eut
360 1595 524 1640 moreretur.
570 1589 655 1640 Mane
671 1589 901 1665 visebarffimeum
914 1589 1028 1642 Franci·

223 1663 378 1723 aeonum,ut
386 1657 471 1709 animi
482 1657 536 1708 mei
547 1657 704 1709 molestiam
717 1659 844 1711 oratione
854 1673 905 1710 sua
915 1659 1028 1711 leniret.

162 1787 166 1790 ,
223 1730 294 1784 Nam
306 1726 484 1796 aegrotabam
495 1742 550 1778 una
565 1741 626 1778 eum
645 1735 808 1794 aegrotante
824 1729 929 1789 antico,
944 1741 1027 1794 quesn

224 1798 352 1852 amabam
368 1803 400 1847 ut
413 1802 530 1863 patrem.
567 1811 611 1848 νο.
634 1795 711 1863 Phy,
732 1798 793 1864 quis
811 1797 891 1850 illum
908 1811 1028 1862 usquam

223 1866 409 1927 nonamavit,
425 1865 480 1916 nisi
494 1867 537 1916 uir
551 1865 705 1933 pessimus!
735 1881 781 1918 nn.
799 1867 855 1918 Hie
865 1865 1029 1921 Francisea·

224 1953 275 1990 eos
286 1933 558 1998 meus,Brassieane,
575 1934 679 2002 inquit,
694 1950 790 1987 emove
801 1935 911 2002 penitus
923 1951 958 1988 ex
970 1935 1029 1989 ani·

224 2021 271 2062 mo
281 2019 437 2063 moerorem
449 2019 571 2056 omnem:
590 2002 759 2061 Reuehlinus
770 2010 869 2058 noster
884 2003 1035 2058 desiisse·

222 2083 347 2147 gratare.
367 2073 458 2138 euius
469 2076 593 2142 inquam,
603 2089 639 2125 an
648 2073 741 2126 subito
753 2072 892 2126 revaluit}
906 2087 1029 2124 naman·

223 2147 376 2200 tebiduum
388 2160 443 2196 non
454 2143 602 2196 admodum
612 2142 688 2194 laeta
704 2143 902 2208 promittebant
916 2141 1029 2194 medici.

225 2219 296 2270 Tum
308 2216 367 2277 ille,
377 2213 506 2274 resraiuit,
517 2211 615 2277 inquit,
625 2211 674 2262 sed
686 2211 735 2273 ite,
750 2219 782 2262 ut
793 2210 910 2277 posthae
921 2225 978 2263 non
986 2212 1029 2262 'sit

224 2283 270 2338 ilii
280 2281 457 2334 formidanda
468 2281 600 2334 valetudo
615 2281 739 2332 adversa.
774 2281 842 2332 Noli
854 2278 936 2342 flere,
952 2283 1029 2342 (nam

139 2405 142 2410 ,,
225 2352 341 2404 ridebat
358 2356 533 2418 erumpentes
555 2351 714 2418 lacrymas)
731 2350 806 2416 prius
827 2363 910 2416 quam
930 2349 1030 2402 audias

220 2434 278 2474 rem
291 2433 419 2472 omnem..
444 2419 497 2470 Sex
509 2419 568 2472 dies
584 2426 663 2487 sunt,
678 2420 750 2486 qued
768 2417 979 2470 hominennon
989 2419 1030 2469 in·

196 2528 201 2532 .
221 2490 354 2549 risorem,
369 2487 418 2538 sed
433 2493 528 2540 tamen
544 2488 712 2554 quotidianis
727 2489 855 2554 precibus
866 2487 942 2539 iliius
953 2487 1029 2540 saiu-

223 2551 281 2610 te'm
294 2557 414 2609 Domino
428 2556 660 2608 commendabam.
697 2557 840 2609 Hodierna
851 2563 1027 2624 noctequum

223 2642 268 2680 me
289 2643 306 2679 a
326 2625 469 2676 matutinis
490 2625 602 2692 hymnis
622 2625 651 2676 in
678 2632 767 2678 strato
793 2627 1029 2691 composuissem,

157 2757 168 2761 ,
222 2695 342 2750 blandus
354 2693 465 2762 quidam
476 2695 645 2764 minimeque
660 2699 752 2762 gravis
765 2709 879 2747 somnus
894 2697 1029 2762 obrepsit.
