2150 3198
182 184 237 249 ‘as
345 173 588 250 couv1v1mu
616 191 861 250 rauranum.
896 238 899 243 ,

200 283 346 360 tenuibus,
367 300 418 368 qui
429 301 544 351 summis
559 297 706 352 sudoribus
716 300 797 352 alunt
809 274 959 360 familiam:
980 305 1012 351 et

199 369 298 437 procul
310 369 412 420 absunt
424 369 458 424 ab
470 369 597 421 amnibus
609 384 641 438 ae
651 370 779 432 lacubus,
795 371 908 437 exigere
918 371 1012 420 carni·

199 453 247 488 um
259 437 473 501 abstinentiam,
493 445 537 490 est
547 438 805 503 indicerexiumem,
826 445 875 490 aut
888 439 1011 503 βουλιμί·

200 521 232 555 αν
242 507 340 575 magis.
359 509 445 574 Atqui
456 511 480 559 si
492 509 557 576 quid
564 509 688 561 Homero
701 509 854 571 credimus,
864 509 947 572 longe
959 503 1011 556 mi·

200 577 347 653 serrimum
358 579 457 628 mortis
468 593 555 646 genus
566 584 623 641 est,
642 579 735 648 perire
747 578 828 631 fame.
852 591 899 628 ou.
912 573 960 625 Sic
968 575 1011 627 ri·

196 660 261 696 sum
281 653 325 697 est
340 646 464 698 Homero
480 663 585 713 coecos
598 654 629 700 at
644 649 718 715 opud
730 648 905 700 Christianos
922 645 1021 716 miser¹

199 722 322 779 sionest,
340 717 386 783 qui
396 718 467 769 bene
478 718 607 769 moritur.
625 730 690 770 suo.
706 719 774 770 Esto
791 729 873 767 saue:
890 713 945 764 sed
967 719 1011 766 ta·

199 797 264 836 men
281 785 380 836 durum
398 792 453 850 est,
474 802 491 839 a
506 801 645 855 quoquam
661 787 788 852 exigere,
808 790 842 834 ut
862 784 1010 836 moriatur.
1049 786 1050 789 ’

198 867 247 905 ou.
258 853 315 906 Neo
326 851 379 907 hoc
390 857 483 909 animo
494 857 639 924 pontifices
648 854 820 906 interdicant
831 867 909 904 esum
918 853 1010 904 curni-

198 937 260 986 um,
271 929 304 975 ut
314 925 453 978 intereant
462 924 604 988 homines,
624 923 715 987 ssdut
724 923 770 974 vel
780 921 941 989 affligantur
952 936 1011 974 mo·

198 991 310 1056 deruis,
321 994 346 1044 si
357 993 538 1060 deliquerunt
543 993 606 1056 snei
616 992 752 1044 subducto
763 992 882 1044 laetiore
893 989 1010 1058 pabuio‚

197 1075 319 1128 corpora
328 1066 420 1112 minus
431 1062 571 1114 ferociunt
581 1061 715 1114 adversus
725 1063 862 1127 spiritum.
881 1075 947 1112 suo.
959 1061 1011 1112 lst-

199 1129 254 1180 buc
263 1130 354 1196 ipsum
365 1133 468 1182 efficiet
479 1131 641 1184 moderatus
653 1133 776 1184 carnium
789 1145 862 1182 esus.
883 1142 932 1180 cu.
954 1128 1011 1182 Sed
1068 1179 1069 1186 ,

197 1199 322 1252 intanta
338 1214 485 1266 corporum
501 1203 638 1252 varietate
654 1204 747 1252 certus
766 1203 890 1252 carnium
910 1198 1011 1251 modus
1066 1209 1069 1268 7}

198 1269 351 1335 praescribi
360 1285 414 1322 non
425 1274 532 1336 potest,
556 1268 611 1318 eibi
625 1283 713 1335 genus
724 1275 826 1334 potest.
847 1283 915 1320 suo.
937 1267 1011 1320 Sunt
1068 1333 1069 1338 ἵ

200 1343 229 1390 et
239 1339 342 1405 pisces,
353 1339 401 1406 qui
411 1337 527 1390 multum
541 1335 646 1389 addant
655 1337 799 1389 alimenti:
823 1341 890 1390 sunt
900 1351 1012 1402 carues,

97 1425 101 1431 ·
199 1409 436 1477 quaeminimum.
459 1419 506 1459 cir.
518 1405 573 1458 Sed
586 1407 615 1457 in
626 1421 729 1474 gerwe
741 1408 802 1474 plus
812 1407 891 1460 alunt
902 1421 1011 1460 cemes.
1067 1415 1069 1448 ἐ

125 1490 127 1503 ’
155 1525 157 1529 .
199 1491 262 1529 suo.
283 1480 355 1547 Age,
376 1478 422 1530 dic
442 1475 524 1538 mihi,
542 1477 566 1526 si
589 1490 644 1542 quo
661 1475 713 1527 tibi
729 1477 802 1530 forst
819 1478 888 1540 iter,
913 1479 1013 1528 uirum

198 1546 299 1599 nrailes
311 1561 411 1614 equum
423 1545 587 1596 alacriorem
600 1559 633 1595 uc
643 1544 837 1608 subiascivu'm,
861 1559 896 1596 au
908 1544 1012 1599 morbi·

199 1616 281 1680 dum,
293 1619 341 1684 qni
353 1612 470 1666 subinde
480 1613 623 1669 collabeus
640 1629 778 1667 sessorem
790 1613 905 1668 deiiciat
914 1613 945 1665 in
954 1621 1011 1667 ter·
1028 1653 1036 1675 ,

198 1683 280 1738 rami
311 1699 359 1736 cn.
380 1685 520 1747 Quorsum
531 1681 625 1734 istudi
641 1697 705 1736 suo.
726 1684 800 1746 Quia
816 1684 933 1751 piscium
944 1699 1012 1736 esus

199 1755 338 1819 corruptis
364 1752 527 1805 humoribus
543 1765 662 1820 corpora
677 1756 776 1806 nostra
792 1753 888 1806 reddit
901 1753 1012 1822 magnis

199 1823 305 1876 morbis
317 1823 451 1883 obnoxia,
471 1822 570 1872 utiam
582 1821 693 1888 spiritui
708 1837 765 1874 non
781 1823 889 1891 possint
900 1823 1012 1874 subscr·
1067 1885 1068 1888 Ἴ

200 1893 269 1946 rire.
290 1904 337 1943 cn.
347 1891 455 1954 Quibus
466 1889 589 1943 morbisi
610 1905 674 1957 sup.
687 1891 847 1959 Podagrae‚
860 1890 948 1954 febri,
971 1892 1014 1946 le·
1065 1931 1067 1936 ,

199 1974 284 2028 prae,
304 1962 402 2028 morbo
414 1962 502 2028 regio.
524 1973 571 2012 ou.
583 1961 637 2022 Qui
647 1959 722 2013 sciui
743 1976 808 2014 suo.
820 1961 1014 2015 Credomcdi·

201 2030 256 2081 cis:
278 2029 308 2082 id
328 2031 436 2094 malim,
456 2043 539 2097 quarn
562 2031 693 2095 experiri.
724 2045 771 2084 crr.
792 2031 823 2082 id
841 2030 1013 2083 tricassium

202 2101 299 2166 paucis
311 2101 423 2160 accidit.
458 2113 522 2151 suu.
542 2099 679 2167 Equidem
698 2102 822 2153 arbitror
834 2101 863 2152 in
874 2101 1011 2168 pluribus.

135 2208 146 2230 .,
201 2171 304 2232 Porro,
327 2170 458 2238 quoniam
471 2169 580 2220 animus
592 2171 651 2236 agit
665 2185 715 2238 per
730 2185 838 2238 organa
852 2171 1013 2222 materialis

201 2239 412 2306 corporis,quae
424 2239 508 2290 metis
522 2245 570 2289 out
579 2238 659 2292 bonis
672 2239 832 2292 humoribus
842 2240 1012 2300 officiuntur,

201 2308 292 2358 vitiati
348 2310 507 2387 strumentis
534 2322 591 2358 non
611 2314 717 2374 potest,
743 2308 860 2372 utruit,
890 2321 1011 2361 exercre

202 2379 257 2426 sim
267 2391 334 2447 suas
350 2415 356 2427 .
419 2376 517 2438 .Scio‚
536 2378 652 2429 medicis
664 2392 832 2446 magnopere
845 2378 1010 2430 damnatum

142 2447 148 2450 “
203 2460 265 2497 esse
284 2440 399 2528 piscium
417 2461 508 2498 osum:
530 2445 580 2497 sed
597 2463 677 2499 secus
694 2452 782 2499 visum
799 2454 843 2500 est
857 2449 1011 2500 maioribus

203 2519 318 2578 nostris,
324 2516 424 2584 quibus
431 2517 625 2581 obtemperare
630 2516 792 2587 religiosum
799 2523 850 2569 est.
860 2533 925 2570 suu.
936 2516 1011 2570 Reii·

161 2648 165 2656 .
202 2583 416 2652 giosumoratet
426 2585 501 2647 oiim,
512 2600 567 2635 non
578 2585 685 2638 violare
694 2587 841 2638 sabbatum
851 2605 858 2638 ι
869 2587 921 2638 sed
932 2588 1010 2654 prius

204 2659 276 2714 erut,
285 2644 398 2706 serrare
407 2653 548 2705 bominem
559 2655 682 2706 subbato.
698 2671 744 2707 cu.
756 2654 830 2708 Suae
837 2658 956 2724 quisquc
967 2671 1011 2708 sa·
1064 2719 1065 2722 Ἴ

173 2739 181 2753 ·
203 2722 258 2774 luti
268 2724 403 2776 consulat.
414 2735 477 2773 suo.
488 2723 556 2785 imo,
566 2726 589 2774 si
599 2722 687 2776 Paulo
698 2725 827 2776 volumus
838 2727 1009 2790 auscultare,
