2150 3198
202 228 452 292 'couvrvruu
480 235 730 290 rauranum.
833 211 868 286 ss

58 355 146 396 nemo
157 355 228 408 quse
235 353 285 392 sua
295 345 370 404 sunt,
377 339 688 407 quaerat‚sedquisque‚
699 337 869 407 quasaIteri·
892 373 910 405 1,

57 428 102 464 us.
114 426 162 462 cu.
170 407 225 462 Sed
233 409 306 474 unde
318 405 362 459 bie
373 420 461 460 novus
473 407 802 475 theologusinconsivioi
813 409 869 460 Un·

58 476 869 546 denorushicacsubitusmagisternosterisuuiluiami·

58 549 90 603 bi
102 551 177 602 male
184 551 380 602 conveniteum
388 551 517 616 piscibus.
527 546 648 609 ou.Quid
656 546 758 615 igituri
768 549 870 600 Annon

60 620 188 674 abstines
200 635 217 671 a
228 619 374 671 carnibusi
402 634 466 670 suo.
487 619 634 681 Abstineo,
655 617 704 668 sed
716 611 873 668 oimrur‘mu·

60 705 144 751 rans,
154 704 206 744 neo
216 691 276 740 sine
287 702 351 738 meo
363 703 464 755 magno
475 688 559 740 malo.
580 703 628 740 cu.
640 683 770 744 Charitas
781 685 875 737 simnia

63 759 176 812 suffert.
203 773 268 810 uuo.
296 755 417 821 Verum,
438 758 489 810 sed
513 757 613 810 eadem
631 771 714 825 quam
730 756 875 807 minimum
944 747 969 788 ·'

64 829 164 896 exigit.
197 826 229 878 Si
239 825 339 878 suffert
350 830 458 890 ornnia,
479 844 528 879 cur
541 845 596 880 uon
608 827 704 880 ierunt
713 841 764 878 nos
775 823 818 875 his
830 839 875 876 ve·
951 841 957 852 ¹

65 898 107 950 sci
120 897 208 959 cibis,
221 912 290 964 quos
300 897 419 950 indulsit
430 898 546 950 libertas
558 895 739 965 euangelica!
771 895 828 946 Cor
838 891 876 955 bi,
925 941 928 947 .

64 981 83 1019 a
98 968 199 1034 quibus
217 965 345 1017 Christus
359 967 445 1018 toties
462 973 586 1020 amorem
601 969 644 1022 sui
659 965 809 1031 stipulatus
819 969 873 1025 est,

63 1039 213 1104 patiuntur
236 1041 281 1087 tot
296 1034 437 1087 hominum
457 1042 486 1090 et
506 1051 624 1104 corpora
635 1033 790 1102 periclitari
800 1047 873 1100 mos·

63 1104 108 1157 bis
118 1104 305 1171 capitalibus,
326 1111 353 1157 et
364 1108 472 1158 animas
481 1113 611 1160 aeternae
626 1103 816 1168 damnationis
827 1117 874 1169 pe·
918 1161 920 1165 r

64 1176 176 1239 riculo,
192 1174 228 1226 ob
239 1189 296 1226 rem
309 1191 360 1228 nec
372 1177 546 1228 interdictam
559 1191 576 1228 a
587 1175 707 1238 Christo,
719 1191 770 1228 nec
782 1188 833 1241 per
842 1185 873 1226 se

15 1293 21 1306 ,
62 1244 272 1298 neeessariam!
284 1259 331 1296 cu.
343 1245 396 1298 Ubi
407 1245 484 1296 aliud
496 1246 597 1298 suadet
607 1247 773 1309 necessitas,
784 1248 875 1296 cessat

63 1312 205 1366 humanae
216 1315 425 1366 constitutionis
435 1316 531 1381 rigor,
541 1322 632 1368 cessat
644 1321 674 1366 et
684 1315 814 1366 voluntas
826 1327 875 1362 no·

64 1382 223 1436 mothetae.
243 1398 308 1436 suu.
324 1385 360 1436 At
375 1400 430 1436 non
443 1391 534 1439 cessat
544 1383 740 1436 offendiculum
750 1383 874 1433 intirmo-

65 1465 138 1505 rum.
151 1451 216 1504 Non
228 1459 321 1504 cessat
331 1453 479 1518 serupulus
490 1451 877 1509 meticulosaeeonscientiue.

64 1522 214 1576 Postremo
225 1537 282 1588 non
301 1524 369 1572 atis
380 1525 507 1582 constat,
528 1522 628 1588 quibus
644 1522 778 1571 limitibus
798 1518 876 1568 tinia-
960 1531 969 1549 ²

63 1599 112 1644 tur
123 1593 180 1642 ista
189 1591 353 1642 necessitas.
370 1591 411 1642 An
423 1605 507 1658 quum
518 1589 641 1656 coeperit
652 1583 886 1656 iohth'yopbagus¹

65 1675 151 1730 agere
162 1658 307 1712 animani
336 1656 406 1710 Sero
421 1660 551 1711 morienti
569 1659 645 1726 porri
667 1666 753 1711 untur
768 1670 877 1713 earnes.

65 1733 108 1784 Aa
119 1745 207 1798 quum
217 1733 308 1780 tatum
321 1743 422 1796 corpus
433 1727 519 1780 habet
530 1729 637 1796 epialus
645 1676 878 1782 {Nantuatierat

61 1799 196 1854 oiborum
208 1797 343 1850 deiectus.
360 1813 407 1850 cu.
419 1797 494 1858 unio
504 1799 592 1864 igitur
604 1804 635 1852 tu
645 1799 732 1850 velles
743 1794 879 1864 praeseri·
945 1793 949 1801 “

66 1869 115 1922 bit
135 1882 201 1919 sua.
224 1863 303 1929 Scio,
324 1867 422 1933 siquis
434 1867 501 1918 mibi
512 1868 610 1920 credat
620 1867 826 1924 ecclesiastieae
836 1865 880 1916 rei

69 1935 250 1990 dictatuiam.
271 1951 318 1988 crs.
329 1937 402 1997 Quid
413 1935 594 1990 istbueverbi
607 1938 668 1992 esti
689 1935 879 1992 adusi-sum·
949 1979 953 1986 ,

67 2021 130 2058 mus
146 2020 237 2058 essem
251 2003 397 2070 Pontifex,
418 2005 547 2059 hortarer
559 2023 656 2065 omnes
667 2008 702 2060 ad
713 2011 879 2075 perpetuam
938 2011 940 2016 '

67 2078 144 2128 vitae
165 2075 362 2138 sobrietatem,
380 2076 429 2128 sed
444 2079 593 2144 praecipue
614 2078 666 2132 sub
682 2077 756 2128 diem
766 2073 879 2126 iustum.

69 2147 204 2200 Ceterum
220 2147 264 2196 ius
278 2143 399 2205 facerem
417 2147 516 2214 cuique
531 2148 663 2199 vescendi
673 2145 773 2214 quibus
783 2139 879 2202 vellet,

55 2228 122 2282 vnro
134 2205 263 2280 subparis
274 2213 452 2279 salubritate,
471 2215 692 2272 dummoderate
703 2220 803 2270 etcum
815 2221 890 2276 gra·
984 2227 990 2236 ·

49 2311 59 2348 ·.
69 2286 175 2337 tiaram
188 2285 313 2336 actione:
344 2284 494 2352 daremque
505 2300 634 2352 operam,
654 2285 696 2336 uti
713 2280 782 2344 hoe,
841 2275 880 2330 od

69 2349 270 2406 detraheretur
280 2353 526 2408 obseruationibus
537 2352 697 2423 huiusmodi
711 2349 816 2412 carnali
837 2363 879 2411 us,

68 2427 245 2476 accresceret
255 2423 290 2476 ad
301 2424 424 2475 studium
434 2440 519 2478 verae
529 2423 652 2492 pietatis.
673 2435 720 2476 cu.
739 2419 879 2474 Nimirum

67 2491 146 2545 istud
168 2505 235 2542 msa
249 2491 359 2558 quidem
374 2497 518 2557 sententia
536 2496 609 2548 tanti
630 2499 687 2559 est,
706 2498 739 2543 ut
753 2498 781 2544 te
793 2488 880 2541 iacia-

68 2575 130 2612 mus
141 2561 316 2613 Pontificem.
347 2577 411 2616 uua.
424 2563 520 2616 Rides:
541 2563 592 2616 sed
602 2570 695 2615 tumen
706 2561 800 2614 cervix
810 2556 880 2608 baec

68 2630 211 2683 sufficeret
220 2631 265 2682 rel
276 2631 380 2697 tripiici
392 2646 512 2686 toronae
522 2631 711 2688 sustinendae.
732 2644 779 2683 ca.
793 2629 828 2680 At
839 2626 880 2676 iu·

69 2702 153 2752 terim
166 2697 231 2751 vide
237 2737 246 2764 ,
267 2715 303 2750 ne
313 2702 368 2752 ista
379 2701 536 2754 scribantur
550 2701 624 2753 inter
633 2701 765 2754 articulos
776 2694 879 2748 Parisi-

71 2772 196 2823 ensiume
208 2783 275 2824 aus.
295 2767 355 2822 lmo
367 2769 498 2841 quiequid
508 2769 613 2823 dictum
624 2775 683 2835 est,
701 2768 841 2822 scribetur
849 2761 881 2811 in
