2126 3188
194 191 246 248 eoo
400 153 788 244 rsnncnrns'rro

116 309 127 324 ²
197 289 445 348 videnturreierre
459 287 625 359 maiuscules
641 286 767 339 Latinos.
803 283 931 353 Rogatus
946 283 988 338 de·

196 363 296 430 scripsi
307 361 473 413 sententiam
484 359 640 411 carminum
651 357 767 420 Latine,
780 355 899 408 verbum
910 353 988 407 verho

193 433 324 487 reddens.
341 431 434 482 Huius
449 429 557 497 opellae
573 443 656 496 quum
666 425 851 496 preemiolum
868 423 988 476 ohlttum

196 507 358 556 constanter
373 515 544 561 recusarem,
565 501 705 550 affirmans
720 495 789 547 nihil
806 509 867 548 esse
884 501 940 544 trun
951 507 989 544 nr·

197 571 296 635 duum,
318 571 392 640 quod
408 572 437 621 in
453 567 579 636 Virginis
592 567 786 620 sanctissimae
803 561 925 630 gratiam
938 576 990 614 non
1008 575 1009 578 ¹

198 655 288 696 essem
299 640 477 708 cupidissime
489 639 615 690 tacturus
628 673 635 700 ,
657 632 765 689 etiamsi
776 629 875 683 literne
887 632 990 684 inheret

195 712 273 769 illine
293 711 416 778 perterre
437 709 674 774 Hierosolymam.
710 714 759 754 un.
780 701 853 763 Quid
876 706 944 768 opus
962 705 990 754 te
1026 699 1031 716 '

196 771 990 851 grammatophoro,quumillitotaugeliadsiittitmanibut

196 857 307 918 etquea
316 849 451 918 pedihus!
485 859 529 896 oc.
541 843 593 898 llle
608 841 729 909 protulit
746 857 761 894 e
782 855 916 892 crumena
924 839 991 906 ligni

196 919 383 988 fragmentum
400 919 541 967 desectum
558 913 681 974 etruhe,
701 913 731 962 in
746 920 803 977 que
813 912 895 978 virgo
904 914 992 962 meter

195 989 258 1042 viee
269 996 312 1042 eet
323 985 483 1041 consistere.
519 982 598 1034 otor
612 981 699 1034 mirus
709 981 839 1048 protinus
849 979 992 1048 urguebat,

196 1071 258 1111 esse
272 1073 330 1113 rem
342 1053 448 1122 oppido
456 1067 574 1104 secram.
598 1053 659 1120 Ego
668 1065 735 1102 vero
747 1056 806 1103 tem
816 1050 928 1120 insigne
938 1063 993 1100 mu·

196 1134 362 1192 nus‘pronus
371 1130 402 1174 et
411 1122 516 1173 nudato
527 1123 619 1189 capite
628 1134 736 1172 summa
745 1135 808 1172 cum
815 1121 992 1192 veneratione

195 1199 293 1262 terque
303 1197 452 1260 quaterque
464 1193 652 1254 exosculetur,
661 1191 777 1258 reposui
786 1191 816 1242 in
827 1203 992 1243 crumenam.

196 1277 244 1320 uu.
256 1262 380 1316 Licetne·
395 1261 509 1314 rideret
556 1277 601 1315 oe.
612 1260 671 1314 Per
689 1276 735 1314 me
755 1260 868 1328 quidem
889 1257 993 1313 licebit.

196 1335 324 1386 Ceterum
348 1335 372 1385 si
395 1333 581 1385 ieiunus‘non
599 1335 702 1394 es,eut
722 1330 749 1382 ei
766 1336 850 1384 nocte
866 1329 994 1398 proxime

187 1402 250 1456 duit
260 1403 314 1455 tihi
325 1417 370 1456 roe
382 1417 442 1454 cum
452 1416 548 1478 uxore,
558 1415 613 1454 non
623 1400 760 1454 suaserim
770 1407 804 1453 ut
813 1401 918 1454 rideas.
945 1410 993 1452 ur.

135 1491 140 1496 ·
195 1473 333 1526 Ostende:
352 1470 424 1524 nihil
434 1473 561 1540 periculi.
596 1487 641 1532 oo.
652 1474 694 1524 En
706 1471 767 1523 tihi.
791 1471 920 1524 remote
930 1467 992 1521 hen
1043 1503 1044 1532 ,

194 1546 254 1594 tum
264 1542 320 1592 isto
331 1542 457 1593 muneret
494 1557 540 1594 oo.
550 1542 619 1609 lige,
630 1556 666 1594 no
676 1541 715 1593 sis
724 1540 854 1604 insciens,
867 1553 993 1608 nonper-

194 1611 326 1664 mutarim
338 1609 392 1663 hoc
401 1609 542 1662 tantillum
557 1609 776 1680 traginentulum
793 1625 854 1663 cum
864 1610 992 1664 universo

194 1695 265 1734 suro
275 1682 365 1748 'l'agiz
383 1681 524 1739 includam
539 1694 622 1744 euro,
642 1680 692 1751 sed
707 1681 748 1733 sic
760 1685 794 1732 ut
808 1694 859 1748 per
874 1679 994 1750 crystal-

189 1740 251 1803 lum
267 1751 416 1816 polluceat.
454 1753 526 1802 Tum
542 1751 776 1820 Hysteroprotus,
792 1750 841 1806 uhi
856 1766 901 1802 me
917 1749 994 1802 ridet

193 1824 251 1878 tom
271 1818 405 1884 religiose
424 1821 593 1887 gestientem
615 1837 649 1876 eo
669 1821 845 1884 munusculo,
864 1820 994 1874 iudicans

193 1901 249 1942 non
261 1887 404 1954 indignum
416 1923 425 1950 ,
445 1891 488 1942 cui
499 1891 607 1943 meiere
617 1907 727 1960 quoque
739 1891 992 1954 committerentur,

192 1963 289 2028 roget,
309 1973 374 2009 num
387 1959 497 2025 quondo
514 1961 644 2014 vidissem
659 1967 769 2016 secrete
778 1961 917 2032 Virginis.
952 1961 994 2014 Ea

192 2043 247 2082 vox
263 2043 307 2081 me
322 2028 449 2089 nonnihil
465 2033 626 2096 commorit;
649 2047 707 2084 non
722 2039 816 2085 tumen
832 2034 917 2084 eus'us
932 2044 993 2082 sum

192 2099 376 2166 percunctari,
389 2111 459 2166 quae
470 2100 576 2152 diceret
586 2108 695 2154 secrete
704 2103 842 2169 Virginis3
853 2101 993 2170 siquidem

131 2159 136 2178 ¹
191 2167 223 2218 in
232 2167 315 2221 rehu
328 2176 384 2222 trun
400 2169 487 2222 sacris
503 2170 585 2222 etium
602 2171 715 2239 linguae
729 2171 825 2239 lapsus
842 2185 899 2223 non
913 2174 995 2224 vacat

173 2284 175 2296 ,
191 2235 324 2302 periculo.
360 2237 438 2308 Nego
456 2253 501 2292 me
515 2239 625 2302 vidisse,
646 2239 694 2292 sed
711 2241 822 2294 videndi
843 2239 993 2309 cupidissi-

191 2317 267 2364 mum
276 2322 338 2359 esse
349 2307 419 2361 dico.
455 2307 576 2364 inducor
589 2308 644 2368 iem
655 2311 733 2364 'velut
743 2309 856 2363 efflatus
866 2311 996 2362 omnine:
1042 2303 1044 2320 ⁴

98 2381 106 2387 ‘
192 2372 428 2431 inconditorum
438 2384 522 2453 etque
539 2379 631 2432 altere
641 2379 725 2432 tende
735 2388 843 2432 cereta:
868 2379 995 2434 ostendi·
1043 2367 1044 2398 ¹

191 2444 433 2512 turimegunculm
445 2449 707 2516 necmngnitudine,
727 2466 778 2502 nec
789 2453 919 2514 materie,
940 2463 994 2502 nec

142 2535 144 2538 ·
189 2525 275 2577 opere
290 2515 477 2579 praecellens,
496 2518 545 2569 sed
561 2518 664 2570 virtute
683 2519 800 2586 pollens.
837 2519 993 2572 simMolee
1043 2525 1044 2528 ’

35 2615 38 2624 .
189 2593 253 2662 non·
264 2582 379 2663 multum
398 2581 483 2636 hehet
504 2589 640 2639 momenti
660 2587 697 2640 nd
714 2588 821 2642 edendo
840 2589 996 2642 miracola.

187 2643 255 2701 Vrdr
267 2648 495 2716 christophorum
507 2653 648 2720 Lutetiae,
668 2672 724 2711 non
734 2657 997 2718 hanrexiueum‘eut

89 2780 92 2786 “
191 2716 369 2782 colossaeum,
390 2719 536 2774 eedmonti
546 2725 622 2778 iusto
633 2741 739 2794 parem,
747 2728 831 2782 nullis
846 2736 948 2784 temen
961 2729 997 2782 ils
