2160 3192
84 149 87 152 ’
165 142 515 228 rsnonocrrmnr
533 172 793 231 rnrnnrrmr.
830 168 904 232 tts‘
951 148 963 255 j

17 287 18 312 ³
78 293 162 348 quam
174 278 273 332 eodem
284 275 396 332 nomine
407 277 450 331 his
460 278 568 345 accipio
579 281 737 346 pecuniam,
747 283 772 334 si
782 269 881 338 liceat:

17 375 19 404 :
76 347 293 417 primumdomi,
315 348 486 400 deindeillic
502 364 556 415 quo
577 349 750 416 proficiscor:
772 359 800 404 et
819 367 882 404 nus·

76 433 159 486 quam
171 432 227 468 non
237 427 307 469 sum.
341 417 455 468 Interim
466 417 574 486 tempus
585 419 693 471 inducit
703 420 882 486 oblivionem,
948 429 950 436 ⁴

42 533 43 538 ,
78 486 292 547 confunduntur¹
298 487 438 549 rationes,
449 488 548 554 aliquis
561 489 688 550 moritur,
709 495 757 540 aut
769 492 884 558 suscipit

17 557 18 602 ξ
77 557 258 636 longinquam
270 558 534 622 peregrinationem:
554 559 688 608 utomnia
703 561 822 624 pessime
841 564 884 611 cai
951 581 959 588 ·

17 677 18 680 ,
78 627 154 689 dant,
165 626 265 678 saltem
277 627 389 678 interim
400 642 465 678 usus
477 643 538 678 sum
549 627 642 679 aliena
651 629 775 695 pecunia.
809 628 884 680 Nono

17 751 18 758 ,
77 697 171 750 nullos
184 697 269 748 etiam
291 703 372 761 copto
393 697 485 762 speeie
502 697 699 764 benignitatis,
718 705 757 750 ut*
770 698 884 750 ferveant

17 789 18 820 1
77 766 236 827 mentienti,
256 765 305 816 sed
315 781 424 832 semper
434 767 468 818 de
479 767 585 818 alieno:
608 767 643 819 de
654 783 716 820 meo
731 785 781 819 nec
802 767 885 820 matri

17 829 18 856 ³
78 836 175 887 darem
188 835 353 887 teruncium.
377 835 549 902 Quamquam
561 837 662 886 'autem
674 837 703 887 in
714 838 833 905 singulis
845 839 886 888 vi·

78 905 181 958 dentur
199 905 307 956 luorum
331 909 469 972 exiguum,
491 920 525 956 ex
545 904 641 956 multis
660 911 755 975 tamen
776 907 885 974 (multis

78 977 152 1026 enim
165 981 277 1038 memet,
286 981 318 1026 ut
330 975 397 1038 dixi,
418 971 534 1036 misceo)
544 974 667 1026 nascitur
677 989 792 1028 acervus
803 976 888 1028 haud·
964 991 967 996 “
1023 1001 1026 1008 κ

18 1045 19 1084 ³
77 1055 218 1113 quaquam
230 1044 422 1111 poenitendus.
442 1043 529 1098 Porro
539 1059 574 1096 ne
586 1043 788 1111 deprehendar,
801 1061 886 1115 quum

18 1149 19 1152 η
78 1116 187 1166 multae
209 1115 267 1166 sint
286 1112 418 1176 technae,
438 1120 496 1165 tum
518 1114 569 1166 illo
590 1117 755 1181 praecipuo:
777 1117 892 1170 omneis
910 1147 913 1150 <

79 1187 207 1242 omnium
219 1185 366 1250 epistolas,
378 1200 446 1252 quas
457 1198 585 1251 possum,
596 1183 762 1251 intercipio,
772 1187 885 1255 resigno

78 1269 112 1306 ac
124 1255 201 1320 lego.
228 1253 267 1314 vSi
280 1254 346 1320 quid
357 1255 516 1324 obfuturum
530 1253 672 1319 suspicor,
684 1269 793 1320 premo:
803 1264 851 1308 aut
862 1258 886 1308 si
945 1271 948 1282 ¹

77 1323 178 1386 reddo,
189 1323 276 1376 reddo
289 1340 350 1376 meo
362 1329 497 1390 tempere.
521 1323 575 1378 ,Ad
587 1322 739 1375 haecinter
748 1325 833 1392 longo
845 1341 887 1378 se·

77 1399 172 1446 motos
194 1392 341 1444 intervallo
362 1393 512 1445 mendaciis
534 1392 602 1444 meis
623 1407 686 1444 sero
707 1394 887 1446 simultatem.
927 1409 928 1415 ¹

64 1463 67 1469 ’
78 1478 127 1526 ru,
148 1462 218 1526 Quis
229 1463 313 1514 istinc
322 1463 406 1514 usust
417 1477 459 1515 rs.
479 1462 620 1516 Geminus.
656 1462 789 1525 Primum,
799 1464 823 1514 si
834 1479 887 1516 nou

17 1583 18 1598 ¹
65 1553 67 1557 ·
78 1538 255 1600 praestatur,
267 1532 341 1600 quod
353 1533 470 1586 alterius
481 1533 594 1586 nonrine
604 1533 721 1600 promisi
732 1539 761 1584 et
773 1549 828 1599 quo
839 1548 888 1586 no·

17 1617 18 1622 ¹
78 1604 156 1654 mine
174 1618 275 1653 munus
295 1605 378 1656 etiam
400 1605 509 1670 accepi,
533 1607 606 1666 (nam
627 1603 718 1654 fumos
730 1601 888 1671 huiusmodi

79 1687 183 1741 magno
198 1670 304 1744 vendo)
325 1675 407 1741 tingo,
427 1689 477 1740 per
498 1674 577 1725 illum
599 1679 648 1724 aut
666 1673 745 1724 illum
767 1674 889 1735 stetisse,

79 1757 136 1810 qao
148 1743 238 1794 minus
250 1743 402 1809 perfectum
414 1745 461 1794 sit.
480 1759 527 1795 ru.
557 1742 630 1808 Quid
641 1742 666 1792 si
675 1747 757 1810 neget
767 1742 888 1804 illotus.

59 1811 219 1879 ‘lsprocul
231 1813 319 1875 abest,
339 1813 557 1880 putaBasileae3
581 1812 818 1880 egopolliceorin
835 1814 887 1864 hn-

80 1881 154 1952 glia:
168 1881 273 1942 ,deindo
286 1884 330 1945 tlt,
349 1890 381 1935 ut
393 1889 456 1935 orta
465 1883 609 1934 simultate
619 1889 717 1934 neuter
727 1883 810 1936 alteri
831 1898 889 1934 cre·
919 1929 921 1934 .

17 1993 19 2012 ‚
58 1951 142 2016 dat,
154 1951 256 2017 siquid
268 1953 386 2006 incusor.
422 1953 518 2004 Habes
529 1952 669 2018 specimen
681 1953 759 2003 ortis.
795 1954 902 2003 rrndt
986 1951 989 1956 ’

17 2065 18 2078 ἢ
81 2022 169 2084 istam
181 2026 332 2076 artemaos
344 2023 496 2076 crassiores
512 2021 634 2075 solemus
653 2035 755 2072 vocare
774 2019 889 2082 furtum,

17 2095 18 2098 ’
80 2091 131 2160 qui
141 2091 225 2142 ficum
235 2107 368 2144 vocamus
381 2093 470 2154 ficum,
490 2097 518 2146 et
529 2090 661 2157 scapham
672 2087 810 2154 scapham.
847 2100 889 2141 rs.

20 2217 21 2222 ,
81 2161 106 2212 0
117 2159 259 2212 hominem
269 2162 338 2214 iuris
350 2165 478 2216 Caesarei
490 2160 600 2213 rudemi
616 2160 656 2209 An
668 2158 735 2208 licet
745 2157 890 2212 intendore

82 2230 223 2282 acfionom
235 2228 349 2298 fortini,
369 2231 416 2298 qul
425 2231 580 2298 suppressit
590 2227 755 2295 depositum,
776 2232 825 2280 aut
845 2229 892 2296 qui

36 2321 42 2333 ¹
81 2301 197 2352 abierat
216 2297 351 2362 mutuum,
370 2306 419 2351 aut
438 2300 521 2351 simili
543 2296 645 2349 techna
665 2298 819 2363 imposuiti
843 2313 899 2356 ru,

83 2365 227 2436 Oportuit.
237 2383 279 2422 rs.
291 2369 413 2422 Proinde
421 2369 483 2420 vide
494 2367 667 2436 prudentiam
681 2367 828 2420 artificum.
847 2368 891 2435 Ex

17 2439 18 2442 ’
81 2437 126 2491 his
134 2439 197 2506 plus
208 2438 342 2501 estlucri,
359 2445 408 2491 aut
419 2444 492 2490 certe
504 2437 681 2500 tantundem
698 2444 726 2488 ct
737 2439 827 2488 minus
845 2443 889 2489 est

81 2507 210 2578 periculi.
222 2523 269 2562 mr.
281 2508 358 2560 Male
367 2511 405 2560 sit
415 2507 466 2560 tihi
477 2523 538 2559 cum
549 2506 605 2558 tuis
615 2503 723 2559 technis
733 2521 766 2558 ae
775 2506 895 2562 menda«

83 2579 145 2630 ciis.
157 2577 220 2629 Non
232 2577 304 2638 enim
316 2578 386 2630 libet
397 2577 500 2642 dicere,
510 2575 581 2628 vale.
598 2590 640 2630 rs.
651 2578 694 2628 'l'o
705 2577 815 2645 ringere
827 2589 889 2626 cum

83 2654 135 2700 tua
145 2648 411 2713 pannosororitate;
423 2663 475 2714 ego
482 2646 592 2700 interim
600 2646 723 2700 suaviter
735 2659 814 2713 agam
827 2657 888 2694 cum

84 2715 469 2839 ωεὲὶξιὲῗιὶὃοαξῃωοαᾶαοὶίο,
480 2716 685 2838 dextroUlyspp
697 2731 730 2787 ac
739 2712 889 2769 Mercurio.
943 2799 946 2810 Ι
