2150 3198
112 207 114 212 ’
184 233 233 288 eos
465 207 468 214 ’
507 219 658 279 Vleo

139 329 142 336 ’
182 335 266 394 tatis,
276 345 359 398 quern
369 329 398 381 in
408 333 553 397 parentum
565 327 691 380 manibus
702 323 757 379 sint
766 325 876 380 omnini
888 325 990 389 Quam·

183 416 265 471 quam
276 401 342 452 olim
353 401 382 451 in
392 398 481 452 sacris
496 397 652 466 virginibus
663 397 812 465 praecipue
822 395 990 450 laudabatur
1065 433 1069 442 ·

183 471 317 526 asanais
328 471 396 520 viris
408 468 563 521 liberalitas
574 468 602 518 ia
613 482 764 536 pauperes:
788 481 848 518 eam
859 473 990 532 praesta-

173 548 219 591 're
226 555 280 592 non
292 547 431 606 poterant,
443 540 469 589 si
479 535 548 588 nihil
558 536 746 605 possidebant.
764 537 852 588 Porro
863 534 991 587 castitati

185 609 251 661 triae
263 608 330 660 nihil
341 608 465 668 decedet,
472 608 556 659 etiam
567 607 591 658 si
601 607 677 658 vivas
688 606 760 674 apud
769 613 907 673 parentes.
918 602 993 666 Quid
1066 667 1071 683 Ι

186 679 274 746 igitur
283 677 427 745 superasti
445 675 559 738 Votum,
570 677 646 728 linea
656 679 744 729 vestis
756 693 790 726 ex
800 677 901 727 intima
911 689 992 726 versa

186 749 216 799 in
226 749 377 809 extimam,
399 747 592 798 caeremoniae
604 747 748 824 quaedam,
767 757 837 810 quac
849 758 940 810 perse
952 743 992 793 ni·

187 817 229 870 hil
241 817 348 870 faciunt
359 817 392 868 ad
404 818 555 882 pietatem,
573 827 662 879 neque
679 827 844 880 quemquam
856 827 993 864 commen·

187 885 257 939 dant
277 887 366 938 oculis
386 883 502 947 Ohristi,
524 881 572 948 qui
591 888 699 948 spectat
722 883 809 934 animi
829 883 991 948 puritatem.

187 956 313 1026 ca7Nora
324 953 475 1021 praedicas.
494 966 541 1004 aa.
553 950 608 1003 Sed
619 952 772 1003 verissima.
786 952 875 1012 Quom
886 967 943 1003 non
953 949 991 1002 sis

187 1026 359 1090 emancipata
369 1037 386 1074 a
396 1024 457 1073 iure
467 1026 614 1087 parentum
625 1058 632 1085 ,
661 1036 743 1088 quum
760 1021 812 1072 tibi
827 1021 871 1071 ios
888 1036 943 1071 non
954 1021 993 1072 sit

186 1093 324 1160 vendendi
336 1099 438 1142 vestem
450 1097 499 1140 aut
509 1105 621 1155 agrum,
640 1102 695 1158 quo
708 1089 789 1140 modo
801 1090 854 1142 tibi
865 1092 908 1140 ius
919 1089 992 1140 lacis

187 1161 308 1221 dedendi
319 1166 348 1212 to
358 1161 387 1209 in
398 1160 560 1210 servitutem
569 1158 706 1212 alienam?
724 1175 765 1212 cr.
776 1161 822 1212 lus
834 1165 990 1226 parentum,

110 1271 114 1287 ,
140 1265 144 1270 -
186 1222 320 1291 utaiunt,
343 1241 397 1280 non
409 1228 525 1295 impedit
539 1228 694 1298 ingressum
707 1229 861 1296 religionis,
890 1242 939 1280 uu.
959 1229 992 1280 ln

188 1299 329 1366 baptismo
347 1296 576 1364 nonnoprofessa
589 1298 814 1367 esreligioncml
850 1313 892 1350 cs.
914 1295 992 1350 Sum.

179 1375 236 1420 Ἐυ.
257 1367 355 1420 Nonne
365 1368 493 1436 religiosi
501 1373 567 1418 sunt
579 1365 737 1436 quicunque
749 1373 903 1434 sequuntur
914 1382 994 1434 prae·

113 1459 120 1467 *
188 1436 402 1504 ceptachristit
420 1451 460 1488 cs.
478 1437 611 1488 Maxime.
631 1453 679 1490 au.
697 1439 827 1501 Quaeost
838 1433 925 1504 igitur
937 1437 994 1488 ista

188 1520 263 1559 nova
282 1505 400 1572 religio,
419 1521 488 1573 quae
508 1501 577 1558 lacit
597 1507 723 1570 irritum,
746 1506 819 1574 qood
836 1516 865 1558 et
876 1512 995 1558 naturae

187 1575 236 1628 lex
256 1577 362 1635 sanxit,
383 1580 412 1626 et
431 1581 511 1626 vetus
530 1576 576 1626 lex
597 1575 705 1638 docuit,
724 1583 752 1628 et
768 1575 938 1642 lii‘angelica
949 1577 995 1626 lex

188 1643 395 1712 comprobavit,
429 1649 457 1694 et
475 1645 639 1710 Apostolica
663 1645 791 1697 doctrina
811 1641 1000 1697 confirmavit!

127 1725 130 1733 “
172 1713 282 1765 ‘isthuc
292 1713 432 1764 decretum
445 1728 499 1764 non
511 1719 555 1764 est
566 1714 654 1765 alico
665 1710 821 1781 proditum,
834 1715 882 1766 sod
895 1715 924 1766 in
936 1729 995 1766 mo·
1073 1747 1074 1754 κ

187 1781 339 1834 pachorum
349 1789 447 1832 senatu
456 1791 606 1848 repertum.
624 1783 670 1835 Sic
682 1785 819 1836 definiunt
829 1783 955 1852 quidam,
967 1788 995 1836 et

188 1850 398 1913 matrimonium
410 1866 471 1902 esse
482 1859 586 1914 ratum,
616 1855 691 1920 quod
702 1855 813 1916 insciis,
847 1855 995 1906 autetiam
1072 1859 1073 1862 ’

187 1918 284 1970 inritis
294 1920 457 1986 parentibus
469 1923 542 1973 inter
554 1937 667 1988 puerum
680 1930 708 1974 et
720 1923 843 1989 puellam
854 1924 996 1989 pervorb'a

188 1987 224 2040 do
235 1989 378 2055 praesenti
387 1989 440 2108 qsic
450 1990 521 2041 enim
533 1991 578 2042 illi
589 1991 754 2058 loquuntur)
762 1999 934 2044 contractum
943 1997 997 2044 est.

187 2053 274 2126 atqui*
290 2057 367 2110 istud
407 2074 501 2128 ogma,
521 2077 573 2112 nec
592 2067 709 2113 naturae
730 2077 826 2113 sensus
848 2062 996 2128 approbat,

186 2141 239 2180 nec
250 2135 376 2181 veterum
387 2129 479 2196 leges,
499 2145 549 2182 nec
560 2129 674 2198 Moyses
685 2133 759 2198 ipso,
780 2148 831 2183 noc
841 2131 993 2199 Euangeli-

187 2211 221 2248 ea
238 2204 287 2249 out
297 2200 458 2264 apostolica
469 2199 603 2252 doctrina.
632 2213 674 2252 en.
695 2203 736 2252 An
745 2202 833 2268 igitur
846 2206 930 2266 putas
942 2201 994 2251 mi·
1008 2228 1012 2236 .

185 2264 218 2316 hi
228 2281 283 2316 uon
294 2283 354 2318 esso
365 2267 408 2320 lus
417 2270 521 2321 nubere
531 2268 654 2332 cbristo,
673 2271 729 2321 nisi
746 2269 994 2335 comprobantibus
1060 2325 1070 2342 Ι,

184 2335 368 2402 parentibus!
391 2351 436 2388 no.
455 2339 527 2402 lato,
546 2339 672 2405 inquam,
695 2339 815 2406 nupsisti
828 2338 950 2399 Christo,
963 2343 995 2390 et
1068 2333 1070 2344 ⁴

185 2403 230 2453 illi
248 2403 392 2469 nupsimus
414 2420 517 2458 omnes.
554 2409 631 2469 Quae
650 2407 693 2458 his
711 2411 790 2459 nubit
803 2403 995 2460 eidcm'airoi

188 2472 311 2522 Tantum
324 2471 460 2538 agiturdo
477 2475 554 2538 loco,
578 2476 612 2526 dc
632 2483 726 2538 veste,
747 2477 781 2527 de
802 2477 996 2528 caeremoniis.

188 2540 232 2593 Ob
242 2538 292 2592 has
302 2555 347 2593 ros
358 2556 412 2592 non
424 2542 545 2595 arbitror
560 2559 621 2596 esse
637 2543 867 2597 contemnendum
882 2539 926 2596 ius
946 2559 996 2611 pa·

189 2614 310 2661 mutum.
338 2611 376 2661 Et
395 2613 541 2664 videndum
563 2620 622 2677 est,
646 2630 695 2678 ne,
715 2615 779 2665 dum
796 2629 877 2681 paras
889 2614 996 2668 nubere
1061 2615 1068 2640 “·

171 2687 173 2692 ·
191 2675 317 2741 Christo,
336 2680 426 2731 nubas
437 2683 509 2734 aliis.
529 2697 570 2734 cs.
583 2683 679 2735 nt'isti
692 2685 854 2752 praedicant
865 2681 936 2735 nihil
948 2697 996 2736 es·

190 2759 221 2800 se
231 2749 371 2850 quatias,
383 2763 465 2817 quom
476 2747 539 2806 heic
550 2757 725 2812 contemnere
736 2759 876 2825 parentes.
894 2752 996 2808 romb
