<?xml version="1.0" encoding="UTF-8"?>
<!DOCTYPE html PUBLIC "-//W3C//DTD XHTML 1.0 Transitional//EN"
    "http://www.w3.org/TR/xhtml1/DTD/xhtml1-transitional.dtd">
<html xmlns="http://www.w3.org/1999/xhtml" xml:lang="en" lang="en">
 <head>
  <title>
</title>
<meta http-equiv="Content-Type" content="text/html;charset=utf-8" />
  <meta name='ocr-system' content='tesseract 3.04.00' />
  <meta name='ocr-capabilities' content='ocr_page ocr_carea ocr_par ocr_line ocrx_word'/>
</head>
<body>
  <div class='ocr_page' id='page_1' title='image "./desideriierasmi00erasgoog_0136.png"; bbox 0 0 2150 3198; ppageno 0'>
   <div class='ocr_carea' id='block_1_1' title="bbox 219 214 1033 388">
    <p class='ocr_par' dir='ltr' id='par_1_1' title="bbox 219 214 1033 388">
     <span class='ocr_line' id='line_1_1' title="bbox 219 214 908 286; baseline -0.01 -11"><span class='ocrx_word' id='word_1_1' title='bbox 219 217 272 275; x_wconf 76' lang='lat'><strong>128&#39;</strong></span> <span class='ocrx_word' id='word_1_2' title='bbox 340 214 594 272; x_wconf 67' lang='lat' dir='ltr'><strong>conviviola</strong></span> <span class='ocrx_word' id='word_1_3' title='bbox 615 214 908 286; x_wconf 67' lang='lat' dir='ltr'><strong>RELIGIOSU&#39;M.</strong></span> 
     </span>
     <span class='ocr_line' id='line_1_2' title="bbox 220 304 1033 388; baseline -0.001 -14"><span class='ocrx_word' id='word_1_4' title='bbox 220 323 256 374; x_wconf 84' lang='lat' dir='ltr'><strong>da</strong></span> <span class='ocrx_word' id='word_1_5' title='bbox 264 358 273 386; x_wconf 88' lang='lat'><em>,</em></span> <span class='ocrx_word' id='word_1_6' title='bbox 297 321 327 372; x_wconf 90' lang='lat' dir='ltr'><strong>lit</strong></span> <span class='ocrx_word' id='word_1_7' title='bbox 340 335 435 383; x_wconf 77' lang='lat' dir='ltr'><strong>rursus</strong></span> <span class='ocrx_word' id='word_1_8' title='bbox 449 313 595 388; x_wconf 71' lang='lat' dir='ltr'><strong>stipulatio</strong></span> <span class='ocrx_word' id='word_1_9' title='bbox 606 320 744 384; x_wconf 88' lang='lat' dir='ltr'><strong>solennis,</strong></span> <span class='ocrx_word' id='word_1_10' title='bbox 777 319 859 372; x_wconf 87' lang='lat' dir='ltr'><strong>adest</strong></span> <span class='ocrx_word' id='word_1_11' title='bbox 869 319 916 386; x_wconf 83' lang='lat' dir='ltr'><strong>qui</strong></span> <span class='ocrx_word' id='word_1_12' title='bbox 927 304 1033 374; x_wconf 82' lang='lat' dir='ltr'><strong>elamet</strong></span> 
     </span>
    </p>
   </div>
   <div class='ocr_carea' id='block_1_2' title="bbox 124 390 1032 459">
    <p class='ocr_par' dir='ltr' id='par_1_2' title="bbox 124 390 1032 459">
     <span class='ocr_line' id='line_1_3' title="bbox 124 390 1032 459; baseline -0.001 -15"><span class='ocrx_word' id='word_1_13' title='bbox 124 425 128 435; x_wconf 65' lang='grc'><strong>«</strong></span> <span class='ocrx_word' id='word_1_14' title='bbox 220 390 362 444; x_wconf 80' lang='lat' dir='ltr'><strong>adaurem</strong></span> <span class='ocrx_word' id='word_1_15' title='bbox 374 392 532 454; x_wconf 87' lang='lat' dir='ltr'><strong>morientis,</strong></span> <span class='ocrx_word' id='word_1_16' title='bbox 561 392 830 459; x_wconf 80' lang='lat' dir='ltr'><strong>imunonnunquam</strong></span> <span class='ocrx_word' id='word_1_17' title='bbox 847 391 1032 443; x_wconf 87' lang='lat' dir='ltr'><strong>oceiditante</strong></span> 
     </span>
    </p>
   </div>
   <div class='ocr_carea' id='block_1_3' title="bbox 153 457 1073 1914">
    <p class='ocr_par' dir='ltr' id='par_1_3' title="bbox 218 457 1073 1358">
     <span class='ocr_line' id='line_1_4' title="bbox 219 457 1033 578; baseline 0 -66"><span class='ocrx_word' id='word_1_18' title='bbox 219 468 346 526; x_wconf 84' lang='lat' dir='ltr'><strong>tempus,</strong></span> <span class='ocrx_word' id='word_1_19' title='bbox 364 460 389 510; x_wconf 89' lang='lat' dir='ltr'><strong>si</strong></span> <span class='ocrx_word' id='word_1_20' title='bbox 410 461 570 526; x_wconf 83' lang='lat' dir='ltr'><strong>contingat,</strong></span> <span class='ocrx_word' id='word_1_21' title='bbox 589 457 622 514; x_wconf 78' lang='lat' dir='ltr'><strong>&#39;ut</strong></span> <span class='ocrx_word' id='word_1_22' title='bbox 639 473 722 578; x_wconf 52' lang='lat' dir='ltr'><strong>saepe</strong></span> <span class='ocrx_word' id='word_1_23' title='bbox 742 459 788 521; x_wconf 90' lang='lat' dir='ltr'><strong>iit,</strong></span> <span class='ocrx_word' id='word_1_24' title='bbox 808 457 954 522; x_wconf 81' lang='lat' dir='ltr'><strong>vocalior,</strong></span> <span class='ocrx_word' id='word_1_25' title='bbox 982 470 1033 512; x_wconf 88' lang='lat' dir='ltr'><strong>aut</strong></span> 
     </span>
     <span class='ocr_line' id='line_1_5' title="bbox 218 529 1043 596; baseline 0 -15"><span class='ocrx_word' id='word_1_26' title='bbox 218 530 290 582; x_wconf 90' lang='lat' dir='ltr'><strong>bene</strong></span> <span class='ocrx_word' id='word_1_27' title='bbox 312 533 401 596; x_wconf 88' lang='lat' dir='ltr'><strong>potus.</strong></span> <span class='ocrx_word' id='word_1_28' title='bbox 437 529 691 583; x_wconf 83' lang='lat' dir='ltr'><strong>Haeoutreotead</strong></span> <span class='ocrx_word' id='word_1_29' title='bbox 712 529 839 591; x_wconf 88' lang='lat' dir='ltr'><strong>ibentur,</strong></span> <span class='ocrx_word' id='word_1_30' title='bbox 862 530 1043 594; x_wconf 62' lang='lat' dir='ltr'><strong>praesertim,</strong></span> 
     </span>
     <span class='ocr_line' id='line_1_6' title="bbox 220 597 1073 666; baseline 0 -16"><span class='ocrx_word' id='word_1_31' title='bbox 220 612 292 666; x_wconf 87' lang='lat' dir='ltr'><strong>quae</strong></span> <span class='ocrx_word' id='word_1_32' title='bbox 313 597 394 648; x_wconf 85' lang='lat' dir='ltr'><strong>nubis</strong></span> <span class='ocrx_word' id='word_1_33' title='bbox 415 598 533 649; x_wconf 79' lang='lat' dir='ltr'>tradidit</span> <span class='ocrx_word' id='word_1_34' title='bbox 553 597 749 666; x_wconf 78' lang='lat' dir='ltr'><strong>Ecclesiastico</strong></span> <span class='ocrx_word' id='word_1_35' title='bbox 770 597 961 658; x_wconf 79' lang='lat' dir='ltr'>consuetudo,</span> <span class='ocrx_word' id='word_1_36' title='bbox 990 599 1036 658; x_wconf 53' lang='lat' dir='ltr'><strong>lta,</strong></span> <span class='ocrx_word' id='word_1_37' title='bbox 1072 621 1073 626; x_wconf 42' lang='lat'>¹</span> 
     </span>
     <span class='ocr_line' id='line_1_7' title="bbox 220 663 1073 734; baseline -0.002 -14"><span class='ocrx_word' id='word_1_38' title='bbox 220 675 285 720; x_wconf 83' lang='lat' dir='ltr'><strong>eunt</strong></span> <span class='ocrx_word' id='word_1_39' title='bbox 295 667 353 718; x_wconf 87' lang='lat' dir='ltr'><strong>alia</strong></span> <span class='ocrx_word' id='word_1_40' title='bbox 364 667 498 734; x_wconf 87' lang='lat' dir='ltr'><strong>quaedam</strong></span> <span class='ocrx_word' id='word_1_41' title='bbox 511 666 709 729; x_wconf 89' lang='lat' dir='ltr'><strong>reconditiora,</strong></span> <span class='ocrx_word' id='word_1_42' title='bbox 715 681 785 732; x_wconf 90' lang='lat' dir='ltr'><strong>quae</strong></span> <span class='ocrx_word' id='word_1_43' title='bbox 794 665 874 716; x_wconf 88' lang='lat' dir='ltr'><strong>nobis</strong></span> <span class='ocrx_word' id='word_1_44' title='bbox 886 663 941 716; x_wconf 86' lang='lat' dir='ltr'><strong>hoe</strong></span> <span class='ocrx_word' id='word_1_45' title='bbox 952 681 1031 732; x_wconf 83' lang='lat' dir='ltr'><strong>prae·</strong></span> <span class='ocrx_word' id='word_1_46' title='bbox 1072 693 1073 698; x_wconf 63' lang='lat'><em>=</em></span> 
     </span>
     <span class='ocr_line' id='line_1_8' title="bbox 218 732 1073 802; baseline -0.001 -12"><span class='ocrx_word' id='word_1_47' title='bbox 218 741 309 797; x_wconf 76' lang='lat' dir='ltr'><strong>stant,</strong></span> <span class='ocrx_word' id='word_1_48' title='bbox 328 740 361 786; x_wconf 87' lang='lat' dir='ltr'><strong>ut</strong></span> <span class='ocrx_word' id='word_1_49' title='bbox 372 749 433 785; x_wconf 87' lang='lat' dir='ltr'><strong>eum</strong></span> <span class='ocrx_word' id='word_1_50' title='bbox 444 737 591 788; x_wconf 74' lang='lat' dir='ltr'><strong>alacritate</strong></span> <span class='ocrx_word' id='word_1_51' title='bbox 600 737 729 802; x_wconf 82' lang='lat' dir='ltr'><strong>spiritus,</strong></span> <span class='ocrx_word' id='word_1_52' title='bbox 749 739 782 786; x_wconf 88' lang='lat' dir='ltr'><strong>ut</strong></span> <span class='ocrx_word' id='word_1_53' title='bbox 796 749 857 788; x_wconf 84' lang='lat' dir='ltr'><strong>eum</strong></span> <span class='ocrx_word' id='word_1_54' title='bbox 870 732 1032 794; x_wconf 74' lang='lat' dir='ltr'><strong>Christiana</strong></span> <span class='ocrx_word' id='word_1_55' title='bbox 1072 759 1073 780; x_wconf 40' lang='lat' dir='ltr'><strong>r</strong></span> 
     </span>
     <span class='ocr_line' id='line_1_9' title="bbox 220 802 1030 872; baseline 0 -15"><span class='ocrx_word' id='word_1_56' title='bbox 220 803 568 872; x_wconf 82' lang='lat' dir='ltr'><strong>stilueiamigremushino.</strong></span> <span class='ocrx_word' id='word_1_57' title='bbox 599 820 646 856; x_wconf 76' lang='lat' dir='ltr'><strong>uu.</strong></span> <span class='ocrx_word' id='word_1_58' title='bbox 666 804 716 856; x_wconf 86' lang='lat' dir='ltr'><strong>Pie</strong></span> <span class='ocrx_word' id='word_1_59' title='bbox 735 809 768 855; x_wconf 83' lang='lat' dir='ltr'><strong>tu</strong></span> <span class='ocrx_word' id='word_1_60' title='bbox 783 803 896 869; x_wconf 86' lang='lat' dir='ltr'><strong>quidem</strong></span> <span class='ocrx_word' id='word_1_61' title='bbox 910 802 968 854; x_wconf 89' lang='lat' dir='ltr'><strong>ista</strong></span> <span class='ocrx_word' id='word_1_62' title='bbox 985 819 1030 857; x_wconf 79' lang='lat' dir='ltr'><strong>ue·</strong></span> 
     </span>
     <span class='ocr_line' id='line_1_10' title="bbox 220 871 1032 942; baseline -0.004 -14"><span class='ocrx_word' id='word_1_63' title='bbox 220 889 309 942; x_wconf 85' lang='lat' dir='ltr'><strong>raquo</strong></span> <span class='ocrx_word' id='word_1_64' title='bbox 324 873 512 937; x_wconf 79' lang='lat' dir='ltr'><strong>concionaris,</strong></span> <span class='ocrx_word' id='word_1_65' title='bbox 540 873 591 926; x_wconf 86' lang='lat' dir='ltr'><strong>sed</strong></span> <span class='ocrx_word' id='word_1_66' title='bbox 602 873 715 926; x_wconf 78' lang='lat' dir='ltr'><strong>interim</strong></span> <span class='ocrx_word' id='word_1_67' title='bbox 726 872 820 924; x_wconf 87' lang='lat' dir='ltr'><strong>nullus</strong></span> <span class='ocrx_word' id='word_1_68' title='bbox 831 871 963 925; x_wconf 84' lang='lat' dir='ltr'><strong>admovet</strong></span> <span class='ocrx_word' id='word_1_69' title='bbox 975 888 1032 925; x_wconf 88' lang='lat' dir='ltr'><strong>ma·</strong></span> 
     </span>
     <span class='ocr_line' id='line_1_11' title="bbox 220 939 1033 1012; baseline -0.002 -16"><span class='ocrx_word' id='word_1_70' title='bbox 220 957 286 996; x_wconf 90' lang='lat' dir='ltr'><strong>num</strong></span> <span class='ocrx_word' id='word_1_71' title='bbox 298 943 375 995; x_wconf 84' lang='lat' dir='ltr'><strong>cibis.</strong></span> <span class='ocrx_word' id='word_1_72' title='bbox 396 944 500 997; x_wconf 82' lang='lat' dir='ltr'><strong>Caveat</strong></span> <span class='ocrx_word' id='word_1_73' title='bbox 510 943 636 1012; x_wconf 82' lang='lat' dir='ltr'><strong>quisque,</strong></span> <span class='ocrx_word' id='word_1_74' title='bbox 647 958 682 994; x_wconf 86' lang='lat' dir='ltr'><strong>na</strong></span> <span class='ocrx_word' id='word_1_75' title='bbox 693 957 724 994; x_wconf 87' lang='lat' dir='ltr'><strong>sa</strong></span> <span class='ocrx_word' id='word_1_76' title='bbox 735 939 825 994; x_wconf 81' lang='lat' dir='ltr'><strong>fallat.</strong></span> <span class='ocrx_word' id='word_1_77' title='bbox 845 943 907 1010; x_wconf 79' lang='lat' dir='ltr'><strong>ligo</strong></span> <span class='ocrx_word' id='word_1_78' title='bbox 920 943 1033 1008; x_wconf 81' lang='lat' dir='ltr'><strong>praedi·</strong></span> 
     </span>
     <span class='ocr_line' id='line_1_12' title="bbox 219 1011 1073 1079; baseline -0.002 -13"><span class='ocrx_word' id='word_1_79' title='bbox 219 1015 257 1076; x_wconf 81' lang='lat' dir='ltr'><strong>xi,</strong></span> <span class='ocrx_word' id='word_1_80' title='bbox 268 1011 338 1063; x_wconf 89' lang='lat' dir='ltr'><strong>nihil</strong></span> <span class='ocrx_word' id='word_1_81' title='bbox 350 1013 565 1078; x_wconf 83' lang='lat' dir='ltr'><strong>exspectandum</strong></span> <span class='ocrx_word' id='word_1_82' title='bbox 577 1011 830 1079; x_wconf 77' lang='lat' dir='ltr'><strong>praetersacundas</strong></span> <span class='ocrx_word' id='word_1_83' title='bbox 837 1026 959 1075; x_wconf 74' lang='lat' dir='ltr'><strong>araneas,</strong></span> <span class='ocrx_word' id='word_1_84' title='bbox 971 1027 1034 1066; x_wconf 89' lang='lat' dir='ltr'><strong>eas·</strong></span> <span class='ocrx_word' id='word_1_85' title='bbox 1072 1065 1073 1070; x_wconf 67' lang='grc'>,</span> 
     </span>
     <span class='ocr_line' id='line_1_13' title="bbox 220 1079 1031 1148; baseline 0.002 -16"><span class='ocrx_word' id='word_1_86' title='bbox 220 1097 274 1148; x_wconf 85' lang='lat' dir='ltr'><strong>que</strong></span> <span class='ocrx_word' id='word_1_87' title='bbox 284 1081 449 1143; x_wconf 78' lang='lat' dir='ltr'><strong>rusticanas,</strong></span> <span class='ocrx_word' id='word_1_88' title='bbox 466 1099 500 1135; x_wconf 85' lang='lat' dir='ltr'><strong>ne</strong></span> <span class='ocrx_word' id='word_1_89' title='bbox 512 1082 573 1148; x_wconf 92' lang='lat' dir='ltr'><strong>quis</strong></span> <span class='ocrx_word' id='word_1_90' title='bbox 586 1083 640 1132; x_wconf 88' lang='lat' dir='ltr'><strong>sibi</strong></span> <span class='ocrx_word' id='word_1_91' title='bbox 651 1081 797 1148; x_wconf 80' lang='lat' dir='ltr'><strong>promittat</strong></span> <span class='ocrx_word' id='word_1_92' title='bbox 807 1079 942 1134; x_wconf 85' lang='lat' dir='ltr'><strong>Phasides</strong></span> <span class='ocrx_word' id='word_1_93' title='bbox 955 1097 1031 1144; x_wconf 81' lang='lat' dir='ltr'><strong>aves.</strong></span> 
     </span>
     <span class='ocr_line' id='line_1_14' title="bbox 219 1150 1030 1218; baseline 0 -14"><span class='ocrx_word' id='word_1_94' title='bbox 219 1156 268 1204; x_wconf 86' lang='lat' dir='ltr'><strong>aut</strong></span> <span class='ocrx_word' id='word_1_95' title='bbox 280 1156 489 1216; x_wconf 83' lang='lat' dir='ltr'><strong>attagenas,aut</strong></span> <span class='ocrx_word' id='word_1_96' title='bbox 499 1151 591 1204; x_wconf 80' lang='lat' dir='ltr'><strong>Attica</strong></span> <span class='ocrx_word' id='word_1_97' title='bbox 600 1151 726 1203; x_wconf 82' lang='lat' dir='ltr'><strong>bellaria</strong></span> <span class='ocrx_word' id='word_1_98' title='bbox 738 1150 816 1204; x_wconf 82' lang='lat' dir='ltr'><strong>llaec</strong></span> <span class='ocrx_word' id='word_1_99' title='bbox 826 1156 970 1214; x_wconf 86' lang='lat' dir='ltr'><strong>amoveto,</strong></span> <span class='ocrx_word' id='word_1_100' title='bbox 981 1167 1030 1218; x_wconf 86' lang='lat' dir='ltr'><strong>pu··</strong></span> 
     </span>
     <span class='ocr_line' id='line_1_15' title="bbox 219 1218 1044 1288; baseline 0 -16"><span class='ocrx_word' id='word_1_101' title='bbox 219 1234 264 1280; x_wconf 87' lang='lat' dir='ltr'><strong>er,</strong></span> <span class='ocrx_word' id='word_1_102' title='bbox 288 1224 317 1269; x_wconf 88' lang='lat' dir='ltr'><strong>et</strong></span> <span class='ocrx_word' id='word_1_103' title='bbox 331 1218 404 1284; x_wconf 80' lang='lat' dir='ltr'><strong>quo&#39;d</strong></span> <span class='ocrx_word' id='word_1_104' title='bbox 414 1227 519 1283; x_wconf 85' lang='lat' dir='ltr'><strong>restat,</strong></span> <span class='ocrx_word' id='word_1_105' title='bbox 541 1222 681 1288; x_wconf 80' lang='lat' dir='ltr'><strong>apponite.</strong></span> <span class='ocrx_word' id='word_1_106' title='bbox 711 1219 898 1272; x_wconf 76' lang='lat' dir='ltr'><strong>Videtis-non</strong></span> <span class='ocrx_word' id='word_1_107' title='bbox 919 1222 1044 1288; x_wconf 54' lang='lat' dir='ltr'><strong>copiae„</strong></span> 
     </span>
     <span class='ocr_line' id='line_1_16' title="bbox 219 1287 1029 1358; baseline -0.001 -17"><span class='ocrx_word' id='word_1_108' title='bbox 219 1287 269 1344; x_wconf 84' lang='lat' dir='ltr'><strong>sed</strong></span> <span class='ocrx_word' id='word_1_109' title='bbox 281 1287 395 1358; x_wconf 79' lang='lat' dir='ltr'><strong>inopiae</strong></span> <span class='ocrx_word' id='word_1_110' title='bbox 407 1297 520 1341; x_wconf 82' lang='lat' dir='ltr'><strong>nostrae</strong></span> <span class='ocrx_word' id='word_1_111' title='bbox 531 1305 626 1342; x_wconf 88' lang='lat' dir='ltr'><strong>cornu.</strong></span> <span class='ocrx_word' id='word_1_112' title='bbox 657 1291 711 1341; x_wconf 85' lang='lat' dir='ltr'><strong>llio</strong></span> <span class='ocrx_word' id='word_1_113' title='bbox 732 1295 777 1342; x_wconf 84' lang='lat' dir='ltr'><strong>est</strong></span> <span class='ocrx_word' id='word_1_114' title='bbox 792 1294 946 1355; x_wconf 84' lang='lat' dir='ltr'><strong>proventus</strong></span> <span class='ocrx_word' id='word_1_115' title='bbox 965 1289 1029 1343; x_wconf 80' lang='lat' dir='ltr'><strong>lior·</strong></span> 
     </span>
    </p>

    <p class='ocr_par' dir='ltr' id='par_1_4' title="bbox 201 1357 1051 1426">
     <span class='ocr_line' id='line_1_17' title="bbox 201 1357 1051 1426; baseline 0.002 -18"><span class='ocrx_word' id='word_1_116' title='bbox 201 1399 204 1408; x_wconf 37' lang='lat' dir='ltr'><strong>t</strong></span> <span class='ocrx_word' id='word_1_117' title='bbox 218 1358 427 1426; x_wconf 86' lang='lat' dir='ltr'><strong>tulorum‚quos</strong></span> <span class='ocrx_word' id='word_1_118' title='bbox 436 1361 556 1411; x_wconf 85' lang='lat' dir='ltr'><strong>vidistis.</strong></span> <span class='ocrx_word' id='word_1_119' title='bbox 569 1359 610 1412; x_wconf 87' lang='lat' dir='ltr'><strong>Na</strong></span> <span class='ocrx_word' id='word_1_120' title='bbox 621 1358 737 1426; x_wconf 81' lang='lat' dir='ltr'><strong>parcito,</strong></span> <span class='ocrx_word' id='word_1_121' title='bbox 747 1360 769 1410; x_wconf 90' lang='lat' dir='ltr'><strong>si</strong></span> <span class='ocrx_word' id='word_1_122' title='bbox 781 1359 844 1426; x_wconf 88' lang='lat' dir='ltr'><strong>quid</strong></span> <span class='ocrx_word' id='word_1_123' title='bbox 858 1357 975 1412; x_wconf 81' lang='lat' dir='ltr'><strong>arridet.</strong></span> <span class='ocrx_word' id='word_1_124' title='bbox 986 1374 1025 1411; x_wconf 79' lang='lat' dir='ltr'><strong>rr.</strong></span> <span class='ocrx_word' id='word_1_125' title='bbox 1049 1421 1051 1426; x_wconf 21' lang='grc' dir='ltr'>ι</span> 
     </span>
    </p>

    <p class='ocr_par' dir='ltr' id='par_1_5' title="bbox 153 1429 1073 1632">
     <span class='ocr_line' id='line_1_18' title="bbox 157 1429 1071 1498; baseline -0.008 -17"><span class='ocrx_word' id='word_1_126' title='bbox 157 1461 161 1464; x_wconf 98' lang='grc'>-</span> <span class='ocrx_word' id='word_1_127' title='bbox 221 1430 312 1482; x_wconf 86' lang='lat' dir='ltr'><strong>Tanta</strong></span> <span class='ocrx_word' id='word_1_128' title='bbox 322 1429 445 1480; x_wconf 84' lang='lat' dir='ltr'><strong>varietas</strong></span> <span class='ocrx_word' id='word_1_129' title='bbox 456 1435 514 1492; x_wconf 89' lang='lat' dir='ltr'><strong>est,</strong></span> <span class='ocrx_word' id='word_1_130' title='bbox 546 1435 578 1480; x_wconf 87' lang='lat' dir='ltr'><strong>ut</strong></span> <span class='ocrx_word' id='word_1_131' title='bbox 592 1431 637 1482; x_wconf 83' lang='lat' dir='ltr'><strong>vel</strong></span> <span class='ocrx_word' id='word_1_132' title='bbox 653 1431 715 1498; x_wconf 89' lang='lat' dir='ltr'><strong>ipso</strong></span> <span class='ocrx_word' id='word_1_133' title='bbox 731 1436 1026 1495; x_wconf 79' lang='lat' dir='ltr'><strong>recreemuraspeotu.</strong></span> <span class='ocrx_word' id='word_1_134' title='bbox 1067 1465 1071 1474; x_wconf 94' lang='lat'>.</span> 
     </span>
     <span class='ocr_line' id='line_1_19' title="bbox 219 1497 1073 1570; baseline 0.002 -20"><span class='ocrx_word' id='word_1_135' title='bbox 219 1509 267 1550; x_wconf 78' lang='lat' dir='ltr'><strong>au.</strong></span> <span class='ocrx_word' id='word_1_136' title='bbox 287 1498 370 1564; x_wconf 84' lang='lat' dir='ltr'><strong>Atqui</strong></span> <span class='ocrx_word' id='word_1_137' title='bbox 382 1513 416 1549; x_wconf 90' lang='lat' dir='ltr'><strong>ne</strong></span> <span class='ocrx_word' id='word_1_138' title='bbox 428 1498 510 1566; x_wconf 86' lang='lat' dir='ltr'><strong>plana</strong></span> <span class='ocrx_word' id='word_1_139' title='bbox 523 1501 709 1553; x_wconf 80' lang='lat' dir='ltr'><strong>contemnatis</strong></span> <span class='ocrx_word' id='word_1_140' title='bbox 722 1497 915 1566; x_wconf 77' lang='lat' dir='ltr'><strong>frugalitatem</strong></span> <span class='ocrx_word' id='word_1_141' title='bbox 927 1513 1026 1560; x_wconf 83' lang='lat' dir='ltr'><strong>aream,</strong></span> <span class='ocrx_word' id='word_1_142' title='bbox 1068 1501 1073 1570; x_wconf 70' lang='lat' dir='ltr'><strong>i</strong></span> 
     </span>
     <span class='ocr_line' id='line_1_20' title="bbox 153 1564 1025 1632; baseline 0.001 -13"><span class='ocrx_word' id='word_1_143' title='bbox 153 1624 156 1628; x_wconf 10' lang='lat' dir='ltr'>b</span> <span class='ocrx_word' id='word_1_144' title='bbox 219 1567 289 1619; x_wconf 81' lang='lat' dir='ltr'><strong>haec</strong></span> <span class='ocrx_word' id='word_1_145' title='bbox 318 1569 415 1632; x_wconf 85' lang='lat' dir='ltr'><strong>patina</strong></span> <span class='ocrx_word' id='word_1_146' title='bbox 444 1564 630 1620; x_wconf 78' lang='lat' dir='ltr'><strong>exhilarasset</strong></span> <span class='ocrx_word' id='word_1_147' title='bbox 650 1568 828 1620; x_wconf 83' lang='lat' dir='ltr'><strong>Hilarionem</strong></span> <span class='ocrx_word' id='word_1_148' title='bbox 858 1567 1025 1622; x_wconf 87' lang='lat' dir='ltr'><strong>rnonaolmm</strong></span> 
     </span>
    </p>

    <p class='ocr_par' dir='ltr' id='par_1_6' title="bbox 163 1635 1054 1914">
     <span class='ocr_line' id='line_1_21' title="bbox 163 1635 1026 1702; baseline 0.002 -13"><span class='ocrx_word' id='word_1_149' title='bbox 163 1650 168 1657; x_wconf 91' lang='grc'>·</span> <span class='ocrx_word' id='word_1_150' title='bbox 218 1635 426 1702; x_wconf 80' lang='lat' dir='ltr'><strong>Evangelioum‚</strong></span> <span class='ocrx_word' id='word_1_151' title='bbox 447 1639 607 1686; x_wconf 88' lang='lat' dir='ltr'><strong>comitatum</strong></span> <span class='ocrx_word' id='word_1_152' title='bbox 617 1638 662 1690; x_wconf 88' lang='lat' dir='ltr'><strong>vel</strong></span> <span class='ocrx_word' id='word_1_153' title='bbox 673 1644 785 1693; x_wconf 91' lang='lat' dir='ltr'><strong>cantum</strong></span> <span class='ocrx_word' id='word_1_154' title='bbox 796 1636 939 1690; x_wconf 72' lang='lat' dir='ltr'><strong>monarchis</strong></span> <span class='ocrx_word' id='word_1_155' title='bbox 950 1637 1026 1691; x_wconf 85' lang='lat' dir='ltr'><strong>illius</strong></span> 
     </span>
     <span class='ocr_line' id='line_1_22' title="bbox 219 1703 1026 1774; baseline 0.004 -16"><span class='ocrx_word' id='word_1_156' title='bbox 219 1704 315 1758; x_wconf 80' lang='lat' dir='ltr'><strong>seculi.</strong></span> <span class='ocrx_word' id='word_1_157' title='bbox 350 1703 441 1756; x_wconf 88' lang='lat' dir='ltr'><strong>Pauin</strong></span> <span class='ocrx_word' id='word_1_158' title='bbox 459 1711 621 1774; x_wconf 81' lang='lat' dir='ltr'><strong>vernatque</strong></span> <span class='ocrx_word' id='word_1_159' title='bbox 640 1708 761 1761; x_wconf 83' lang='lat' dir='ltr'><strong>Antonio</strong></span> <span class='ocrx_word' id='word_1_160' title='bbox 799 1707 843 1758; x_wconf 84' lang='lat' dir='ltr'><strong>rel</strong></span> <span class='ocrx_word' id='word_1_161' title='bbox 864 1715 1026 1760; x_wconf 87' lang='lat' dir='ltr'><strong>menstruus</strong></span> 
     </span>
     <span class='ocr_line' id='line_1_23' title="bbox 220 1775 1026 1841; baseline 0.004 -15"><span class='ocrx_word' id='word_1_162' title='bbox 220 1777 618 1841; x_wconf 78' lang='lat' dir='ltr'><strong>eomnreatusessepotuissot.</strong></span> <span class='ocrx_word' id='word_1_163' title='bbox 658 1791 697 1827; x_wconf 86' lang='lat' dir='ltr'><strong>rr.</strong></span> <span class='ocrx_word' id='word_1_164' title='bbox 728 1775 961 1838; x_wconf 80' lang='lat' dir='ltr'><strong>lmouoel’etrus</strong></span> <span class='ocrx_word' id='word_1_165' title='bbox 976 1778 1026 1829; x_wconf 85' lang='lat' dir='ltr'><strong>ille</strong></span> 
     </span>
     <span class='ocr_line' id='line_1_24' title="bbox 217 1844 1054 1914; baseline 0.007 -21"><span class='ocrx_word' id='word_1_166' title='bbox 217 1844 345 1910; x_wconf 77' lang='lat' dir='ltr'><strong>princeps</strong></span> <span class='ocrx_word' id='word_1_167' title='bbox 355 1844 550 1908; x_wconf 82' lang='lat' dir='ltr'><strong>Apostolorum</strong></span> <span class='ocrx_word' id='word_1_168' title='bbox 562 1844 727 1908; x_wconf 77' lang='lat' dir='ltr'><strong>fastidisset,</strong></span> <span class='ocrx_word' id='word_1_169' title='bbox 735 1847 940 1914; x_wconf 64' lang='lat' dir='ltr'><strong>apinam-quum</strong></span> <span class='ocrx_word' id='word_1_170' title='bbox 951 1847 1025 1913; x_wconf 88' lang='lat' dir='ltr'><strong>apud</strong></span> <span class='ocrx_word' id='word_1_171' title='bbox 1051 1859 1054 1862; x_wconf 87' lang='grc'><em>·</em></span> 
     </span>
    </p>
   </div>
   <div class='ocr_carea' id='block_1_4' title="bbox 108 1913 1025 1970">
    <p class='ocr_par' dir='ltr' id='par_1_7' title="bbox 108 1913 1025 1970">
     <span class='ocr_line' id='line_1_25' title="bbox 108 1913 1025 1970; baseline 0.01 -11"><span class='ocrx_word' id='word_1_172' title='bbox 108 1953 118 1959; x_wconf 81' lang='lat'><em>.</em></span> <span class='ocrx_word' id='word_1_173' title='bbox 218 1913 358 1966; x_wconf 80' lang='lat' dir='ltr'><strong>Simonem</strong></span> <span class='ocrx_word' id='word_1_174' title='bbox 370 1913 522 1966; x_wconf 83' lang='lat' dir='ltr'><strong>coriarium</strong></span> <span class='ocrx_word' id='word_1_175' title='bbox 532 1913 729 1966; x_wconf 82' lang='lat' dir='ltr'><strong>diversaretur.</strong></span> <span class='ocrx_word' id='word_1_176' title='bbox 757 1930 806 1968; x_wconf 78' lang='lat' dir='ltr'><strong>au.</strong></span> <span class='ocrx_word' id='word_1_177' title='bbox 822 1915 881 1964; x_wconf 88' lang='lat' dir='ltr'><strong>lmo</strong></span> <span class='ocrx_word' id='word_1_178' title='bbox 892 1931 945 1968; x_wconf 85' lang='lat' dir='ltr'><strong>nae</strong></span> <span class='ocrx_word' id='word_1_179' title='bbox 956 1917 1025 1970; x_wconf 88' lang='lat' dir='ltr'><strong>Pau·</strong></span> 
     </span>
    </p>
   </div>
   <div class='ocr_carea' id='block_1_5' title="bbox 218 1982 1027 2122">
    <p class='ocr_par' dir='ltr' id='par_1_8' title="bbox 218 1982 1027 2122">
     <span class='ocr_line' id='line_1_26' title="bbox 219 1982 1027 2050; baseline 0.009 -18"><span class='ocrx_word' id='word_1_180' title='bbox 219 1982 272 2044; x_wconf 88' lang='lat' dir='ltr'><strong>lus,</strong></span> <span class='ocrx_word' id='word_1_181' title='bbox 283 1982 396 2048; x_wconf 87' lang='lat' dir='ltr'><strong>opinor,</strong></span> <span class='ocrx_word' id='word_1_182' title='bbox 407 1997 490 2049; x_wconf 92' lang='lat' dir='ltr'><strong>quum</strong></span> <span class='ocrx_word' id='word_1_183' title='bbox 502 1990 616 2036; x_wconf 83' lang='lat' dir='ltr'><strong>conotus</strong></span> <span class='ocrx_word' id='word_1_184' title='bbox 627 1989 753 2050; x_wconf 78' lang='lat' dir='ltr'><strong>egestate</strong></span> <span class='ocrx_word' id='word_1_185' title='bbox 765 1983 900 2037; x_wconf 79' lang='lat' dir='ltr'><strong>sutoriam</strong></span> <span class='ocrx_word' id='word_1_186' title='bbox 915 1991 1027 2039; x_wconf 84' lang='lat' dir='ltr'><strong>nontur-</strong></span> 
     </span>
     <span class='ocr_line' id='line_1_27' title="bbox 218 2049 1023 2122; baseline 0.007 -20"><span class='ocrx_word' id='word_1_187' title='bbox 218 2053 261 2103; x_wconf 92' lang='lat' dir='ltr'><strong>nis</strong></span> <span class='ocrx_word' id='word_1_188' title='bbox 271 2049 348 2102; x_wconf 87' lang='lat' dir='ltr'><strong>horis</strong></span> <span class='ocrx_word' id='word_1_189' title='bbox 360 2057 512 2107; x_wconf 81' lang='lat' dir='ltr'><strong>exerceret.</strong></span> <span class='ocrx_word' id='word_1_190' title='bbox 525 2053 709 2106; x_wconf 80' lang='lat' dir='ltr'><strong>unDabomus</strong></span> <span class='ocrx_word' id='word_1_191' title='bbox 722 2053 890 2122; x_wconf 78' lang='lat' dir='ltr'><strong>benignitati</strong></span> <span class='ocrx_word' id='word_1_192' title='bbox 900 2054 1023 2114; x_wconf 81' lang='lat' dir='ltr'><strong>divinae.</strong></span> 
     </span>
    </p>
   </div>
   <div class='ocr_carea' id='block_1_6' title="bbox 72 2121 1073 2260">
    <p class='ocr_par' dir='ltr' id='par_1_9' title="bbox 72 2121 1073 2260">
     <span class='ocr_line' id='line_1_28' title="bbox 104 2121 1073 2198; baseline 0.006 -26"><span class='ocrx_word' id='word_1_193' title='bbox 104 2127 106 2130; x_wconf 85' lang='grc'><strong>’</strong></span> <span class='ocrx_word' id='word_1_194' title='bbox 188 2167 193 2172; x_wconf 85' lang='grc'>.</span> <span class='ocrx_word' id='word_1_195' title='bbox 219 2121 275 2175; x_wconf 85' lang='lat' dir='ltr'><strong>Sed</strong></span> <span class='ocrx_word' id='word_1_196' title='bbox 285 2136 337 2190; x_wconf 80' lang='lat' dir='ltr'><strong>ego</strong></span> <span class='ocrx_word' id='word_1_197' title='bbox 352 2123 446 2176; x_wconf 91' lang='lat' dir='ltr'><strong>malim</strong></span> <span class='ocrx_word' id='word_1_198' title='bbox 459 2122 567 2176; x_wconf 84' lang='lat' dir='ltr'><strong>esurire</strong></span> <span class='ocrx_word' id='word_1_199' title='bbox 583 2139 644 2174; x_wconf 87' lang='lat' dir='ltr'><strong>aum</strong></span> <span class='ocrx_word' id='word_1_200' title='bbox 659 2121 743 2176; x_wconf 84' lang='lat' dir='ltr'><strong>Petro</strong></span> <span class='ocrx_word' id='word_1_201' title='bbox 760 2139 793 2175; x_wconf 88' lang='lat' dir='ltr'><strong>ao</strong></span> <span class='ocrx_word' id='word_1_202' title='bbox 807 2123 909 2187; x_wconf 84' lang='lat' dir='ltr'><strong>Paulo,</strong></span> <span class='ocrx_word' id='word_1_203' title='bbox 940 2123 1044 2178; x_wconf 77' lang='lat' dir='ltr'><strong>modo&#39;</strong></span> <span class='ocrx_word' id='word_1_204' title='bbox 1071 2175 1073 2198; x_wconf 41' lang='grc' dir='ltr'>ι</span> 
     </span>
     <span class='ocr_line' id='line_1_29' title="bbox 72 2190 1025 2260; baseline 0.006 -20"><span class='ocrx_word' id='word_1_205' title='bbox 72 2249 83 2257; x_wconf 44' lang='grc'><strong>,</strong></span> <span class='ocrx_word' id='word_1_206' title='bbox 151 2235 157 2240; x_wconf 88' lang='grc'><em>.</em></span> <span class='ocrx_word' id='word_1_207' title='bbox 217 2190 293 2260; x_wconf 89' lang='lat' dir='ltr'><strong>quod</strong></span> <span class='ocrx_word' id='word_1_208' title='bbox 305 2193 417 2247; x_wconf 84' lang='lat' dir='ltr'><strong>deesset</strong></span> <span class='ocrx_word' id='word_1_209' title='bbox 429 2192 554 2259; x_wconf 85' lang='lat' dir='ltr'><strong>corporis</strong></span> <span class='ocrx_word' id='word_1_210' title='bbox 566 2192 728 2256; x_wconf 83' lang='lat' dir='ltr'><strong>alimoniae,</strong></span> <span class='ocrx_word' id='word_1_211' title='bbox 748 2192 904 2246; x_wconf 83' lang='lat' dir='ltr'><strong>abundaret</strong></span> <span class='ocrx_word' id='word_1_212' title='bbox 915 2194 945 2245; x_wconf 93' lang='lat' dir='ltr'><strong>in</strong></span> <span class='ocrx_word' id='word_1_213' title='bbox 956 2195 1025 2248; x_wconf 90' lang='lat' dir='ltr'><strong>deli·</strong></span> 
     </span>
    </p>
   </div>
   <div class='ocr_carea' id='block_1_7' title="bbox 162 2261 1073 2470">
    <p class='ocr_par' dir='ltr' id='par_1_10' title="bbox 162 2261 1073 2470">
     <span class='ocr_line' id='line_1_30' title="bbox 162 2261 1073 2352; baseline 0.005 -40"><span class='ocrx_word' id='word_1_214' title='bbox 162 2275 180 2292; x_wconf 74' lang='lat'><em>⁴</em></span> <span class='ocrx_word' id='word_1_215' title='bbox 218 2262 380 2316; x_wconf 65' lang='lat' dir='ltr'><strong>aasanimi.</strong></span> <span class='ocrx_word' id='word_1_216' title='bbox 404 2277 450 2315; x_wconf 81' lang='lat' dir='ltr'><strong>ao.</strong></span> <span class='ocrx_word' id='word_1_217' title='bbox 461 2262 519 2323; x_wconf 88' lang='lat' dir='ltr'><strong>lma</strong></span> <span class='ocrx_word' id='word_1_218' title='bbox 531 2261 696 2342; x_wconf 38' lang='lat' dir='ltr'><strong>discamns&#39;a</strong></span> <span class='ocrx_word' id='word_1_219' title='bbox 706 2262 809 2325; x_wconf 89' lang='lat' dir='ltr'><strong>Paulo,</strong></span> <span class='ocrx_word' id='word_1_220' title='bbox 830 2266 859 2314; x_wconf 87' lang='lat' dir='ltr'><strong>at</strong></span> <span class='ocrx_word' id='word_1_221' title='bbox 869 2263 1023 2326; x_wconf 86' lang='lat' dir='ltr'><strong>abundare,</strong></span> <span class='ocrx_word' id='word_1_222' title='bbox 1069 2293 1073 2352; x_wconf 56' lang='lat' dir='ltr'><strong>p</strong></span> 
     </span>
     <span class='ocr_line' id='line_1_31' title="bbox 217 2329 1023 2401; baseline 0.006 -20"><span class='ocrx_word' id='word_1_223' title='bbox 217 2335 247 2381; x_wconf 83' lang='lat' dir='ltr'><strong>et</strong></span> <span class='ocrx_word' id='word_1_224' title='bbox 257 2335 400 2394; x_wconf 90' lang='lat' dir='ltr'><strong>penuriam</strong></span> <span class='ocrx_word' id='word_1_225' title='bbox 411 2333 480 2399; x_wconf 85' lang='lat' dir='ltr'><strong>pati.</strong></span> <span class='ocrx_word' id='word_1_226' title='bbox 497 2329 588 2394; x_wconf 75' lang='lat' dir='ltr'><strong>Quum</strong></span> <span class='ocrx_word' id='word_1_227' title='bbox 597 2331 701 2401; x_wconf 82' lang='lat' dir='ltr'><strong>deerit,</strong></span> <span class='ocrx_word' id='word_1_228' title='bbox 714 2333 820 2398; x_wconf 83' lang='lat' dir='ltr'><strong>gratias</strong></span> <span class='ocrx_word' id='word_1_229' title='bbox 832 2345 947 2398; x_wconf 84' lang='lat' dir='ltr'><strong>agamus</strong></span> <span class='ocrx_word' id='word_1_230' title='bbox 958 2334 1023 2386; x_wconf 87' lang='lat' dir='ltr'><strong>lesu</strong></span> 
     </span>
     <span class='ocr_line' id='line_1_32' title="bbox 217 2397 1024 2470; baseline 0.009 -23"><span class='ocrx_word' id='word_1_231' title='bbox 217 2397 345 2464; x_wconf 87' lang='lat' dir='ltr'><strong>Christo,</strong></span> <span class='ocrx_word' id='word_1_232' title='bbox 363 2403 408 2468; x_wconf 88' lang='lat' dir='ltr'><strong>qui</strong></span> <span class='ocrx_word' id='word_1_233' title='bbox 422 2400 502 2452; x_wconf 90' lang='lat' dir='ltr'><strong>nobis</strong></span> <span class='ocrx_word' id='word_1_234' title='bbox 516 2399 675 2466; x_wconf 89' lang='lat' dir='ltr'><strong>suppeditet</strong></span> <span class='ocrx_word' id='word_1_235' title='bbox 686 2409 714 2452; x_wconf 88' lang='lat' dir='ltr'><strong>et</strong></span> <span class='ocrx_word' id='word_1_236' title='bbox 726 2399 900 2467; x_wconf 80' lang='lat' dir='ltr'><strong>frugalitatis</strong></span> <span class='ocrx_word' id='word_1_237' title='bbox 913 2408 943 2464; x_wconf 82' lang='lat' dir='ltr'><strong>pt</strong></span> <span class='ocrx_word' id='word_1_238' title='bbox 953 2403 1024 2470; x_wconf 89' lang='lat' dir='ltr'><strong>pati·</strong></span> 
     </span>
    </p>
   </div>
   <div class='ocr_carea' id='block_1_8' title="bbox 205 2467 1073 2822">
    <p class='ocr_par' dir='ltr' id='par_1_11' title="bbox 205 2467 1073 2822">
     <span class='ocr_line' id='line_1_33' title="bbox 217 2467 1020 2540; baseline 0.011 -25"><span class='ocrx_word' id='word_1_239' title='bbox 217 2467 311 2517; x_wconf 85' lang='lat' dir='ltr'><strong>entiae</strong></span> <span class='ocrx_word' id='word_1_240' title='bbox 322 2469 477 2522; x_wconf 82' lang='lat' dir='ltr'><strong>materiam.</strong></span> <span class='ocrx_word' id='word_1_241' title='bbox 505 2470 596 2531; x_wconf 75' lang='lat' dir='ltr'><strong>Quum</strong></span> <span class='ocrx_word' id='word_1_242' title='bbox 607 2471 763 2536; x_wconf 84' lang='lat' dir='ltr'><strong>superorit‚</strong></span> <span class='ocrx_word' id='word_1_243' title='bbox 784 2469 891 2537; x_wconf 85' lang='lat' dir='ltr'><strong>gratias</strong></span> <span class='ocrx_word' id='word_1_244' title='bbox 902 2485 1020 2540; x_wconf 82' lang='lat' dir='ltr'><strong>agamus</strong></span> 
     </span>
     <span class='ocr_line' id='line_1_34' title="bbox 215 2535 1023 2604; baseline 0.015 -20"><span class='ocrx_word' id='word_1_245' title='bbox 215 2535 291 2585; x_wconf 85' lang='lat' dir='ltr'><strong>illius</strong></span> <span class='ocrx_word' id='word_1_246' title='bbox 303 2537 571 2604; x_wconf 80' lang='lat' dir='ltr'><strong>munificentiaa,qni</strong></span> <span class='ocrx_word' id='word_1_247' title='bbox 581 2553 632 2590; x_wconf 92' lang='lat' dir='ltr'><strong>nos</strong></span> <span class='ocrx_word' id='word_1_248' title='bbox 643 2551 693 2590; x_wconf 88' lang='lat' dir='ltr'><strong>sua</strong></span> <span class='ocrx_word' id='word_1_249' title='bbox 702 2539 1023 2596; x_wconf 83' lang='lat' dir='ltr'><strong>liberalitateiuvitatao</strong></span> 
     </span>
     <span class='ocr_line' id='line_1_35' title="bbox 214 2606 1023 2675; baseline 0.007 -21"><span class='ocrx_word' id='word_1_250' title='bbox 214 2610 349 2670; x_wconf 82' lang='lat' dir='ltr'><strong>provocet</strong></span> <span class='ocrx_word' id='word_1_251' title='bbox 360 2606 394 2658; x_wconf 89' lang='lat' dir='ltr'><strong>ad</strong></span> <span class='ocrx_word' id='word_1_252' title='bbox 405 2621 526 2660; x_wconf 81' lang='lat' dir='ltr'><strong>arnorens</strong></span> <span class='ocrx_word' id='word_1_253' title='bbox 538 2608 595 2670; x_wconf 88' lang='lat' dir='ltr'><strong>sui;</strong></span> <span class='ocrx_word' id='word_1_254' title='bbox 617 2623 650 2658; x_wconf 85' lang='lat' dir='ltr'><strong>ae</strong></span> <span class='ocrx_word' id='word_1_255' title='bbox 662 2608 768 2660; x_wconf 84' lang='lat' dir='ltr'><strong>modica</strong></span> <span class='ocrx_word' id='word_1_256' title='bbox 779 2623 917 2675; x_wconf 80' lang='lat' dir='ltr'><strong>paretque</strong></span> <span class='ocrx_word' id='word_1_257' title='bbox 930 2610 1023 2662; x_wconf 81' lang='lat' dir='ltr'><strong>fruen-</strong></span> 
     </span>
     <span class='ocr_line' id='line_1_36' title="bbox 205 2673 1022 2746; baseline 0.005 -20"><span class='ocrx_word' id='word_1_258' title='bbox 205 2681 258 2726; x_wconf 85' lang='lat' dir='ltr'><strong>tes</strong></span> <span class='ocrx_word' id='word_1_259' title='bbox 269 2673 311 2740; x_wconf 65' lang='grc' dir='ltr'><strong>ἰῆς,</strong></span> <span class='ocrx_word' id='word_1_260' title='bbox 325 2690 394 2740; x_wconf 88' lang='lat' dir='ltr'><strong>quae</strong></span> <span class='ocrx_word' id='word_1_261' title='bbox 407 2675 524 2744; x_wconf 80' lang='lat' dir='ltr'><strong>largiter</strong></span> <span class='ocrx_word' id='word_1_262' title='bbox 535 2677 661 2742; x_wconf 84' lang='lat' dir='ltr'><strong>praebuit</strong></span> <span class='ocrx_word' id='word_1_263' title='bbox 672 2675 763 2728; x_wconf 82' lang='lat' dir='ltr'><strong>‹livirta</strong></span> <span class='ocrx_word' id='word_1_264' title='bbox 774 2679 943 2746; x_wconf 80' lang='lat' dir='ltr'><strong>bertigaitas,</strong></span> <span class='ocrx_word' id='word_1_265' title='bbox 956 2695 1022 2746; x_wconf 85' lang='lat' dir='ltr'><strong>pau·</strong></span> 
     </span>
     <span class='ocr_line' id='line_1_37' title="bbox 214 2745 1073 2822; baseline 0.006 -26"><span class='ocrx_word' id='word_1_266' title='bbox 214 2756 310 2809; x_wconf 81' lang='lat' dir='ltr'><strong>perum</strong></span> <span class='ocrx_word' id='word_1_267' title='bbox 321 2757 459 2798; x_wconf 85' lang='lat' dir='ltr'><strong>memores</strong></span> <span class='ocrx_word' id='word_1_268' title='bbox 468 2747 569 2806; x_wconf 86' lang='lat' dir='ltr'><strong>simus,</strong></span> <span class='ocrx_word' id='word_1_269' title='bbox 603 2745 700 2811; x_wconf 88' lang='lat' dir='ltr'><strong>quibus</strong></span> <span class='ocrx_word' id='word_1_270' title='bbox 711 2745 791 2800; x_wconf 86' lang='lat' dir='ltr'><strong>Deus</strong></span> <span class='ocrx_word' id='word_1_271' title='bbox 806 2747 904 2802; x_wconf 83' lang='lat' dir='ltr'><strong>deesse</strong></span> <span class='ocrx_word' id='word_1_272' title='bbox 915 2748 1017 2812; x_wconf 79' lang='lat' dir='ltr'><strong>voluit,</strong></span> <span class='ocrx_word' id='word_1_273' title='bbox 1071 2799 1073 2822; x_wconf 51' lang='lat'>,</span> 
     </span>
    </p>
   </div>
   <div class='ocr_carea' id='block_1_9' title="bbox 0 0 1080 3198">
    <p class='ocr_par' dir='ltr' id='par_1_12' title="bbox 0 0 1080 3198">
     <span class='ocr_line' id='line_1_38' title="bbox 0 0 1080 3198; baseline 0 1"><span class='ocrx_word' id='word_1_274' title='bbox 0 0 1080 3198; x_wconf 95' lang='lat' dir='ltr'><strong> </strong></span> 
     </span>
    </p>
   </div>
  </div>
 </body>
</html>
