2132 3196
184 222 221 282 sa
317 205 321 208 ’
387 183 785 278 rrnras'ronnrurs.

187 334 280 384 notus.
304 342 352 381 nu.
372 327 491 392 Quando
502 327 593 380 isthuc
603 325 680 380 arn'tl
713 343 760 380 ur.
779 327 912 382 Fortasse
922 347 991 383 nun·

188 414 280 467 quam.
308 440 315 446 ,
327 395 383 450 Sed
397 405 467 450 ante
488 413 590 450 annum
602 397 765 466 vigesImum
782 405 909 450 octavum
921 399 1012 460 nihil„

189 472 338 520 statuetur.
374 481 421 521 nn.
437 468 493 519 Cur
504 466 565 518 ital
586 483 630 520 aa.
643 467 715 529 Quia
726 467 808 519 audio
820 469 922 534 passim
933 474 993 519 tam

191 536 295 588 multos
307 535 482 600 sacerdotes,
501 535 654 588 monachos
666 540 695 588 et
705 537 836 598 maritos,
848 536 994 603 deplorari·

190 613 249 671 tes,
278 605 352 673 quod
368 622 429 660 sese
441 611 548 658 temere
558 605 771 674 praecipitarint
780 605 808 658 in
820 607 994 658 servitutem.

189 675 237 727 uri.
249 676 352 731 cautus
363 690 406 738 es,
427 676 544 744 quicapi
556 676 639 728 nolis.
670 689 716 728 un.
737 676 850 730 Interim
861 677 917 726 tria
927 671 997 726 mihi
1050 699 1057 708 ·

169 749 356 796 =ouraesunt
378 759 426 796 ure.
449 743 675 807 Quaenamistal
702 760 747 797 os.
767 746 803 794 Ut
814 744 956 810 proficiam
966 744 997 795 in

181 813 331 882 probitate
342 827 460 865 morum.
480 813 567 878 Dein,
588 814 614 864 si
623 813 652 866 id
663 827 815 878 nequeam,
831 814 906 864 'certe
915 817 998 864 tuear

190 881 329 934 illibatam
351 882 538 934 innocentiam
560 896 593 931 ac
610 880 724 947 famam.
760 881 906 932 Postremo
927 894 997 947 puro

191 950 261 1004 mihi
271 952 358 1002 bonas
370 950 479 1002 litteras
491 964 524 1001 ae
535 948 708 1016 disciplinas,
718 951 746 1000 in
758 951 854 1018 quovis
865 950 940 1001 vitae
951 965 1006 1018 ge·-

192 1035 260 1073 nere
271 1020 381 1071 futuras
391 1021 462 1072 usui.
479 1032 527 1072 un.
539 1016 594 1084 Sed
607 1020 717 1072 interim
729 1035 746 1070 a
755 1021 846 1086 poetis
858 1017 1004 1071 abstineat.

195 1105 239 1144 aa.
264 1087 288 1139 N
293 1103 328 1138 on
339 1090 366 1138 ln
379 1092 486 1150 totum,
512 1087 560 1140 sed
571 1090 742 1139 castissimos
752 1102 876 1156 quosque
887 1088 1007 1154 potissi·a

60 1154 64 1160 ’
151 1170 153 1173 ·
193 1172 269 1210 mum
280 1157 354 1224 lego.
390 1157 471 1218 Quod
487 1159 512 1208 si
528 1157 594 1226 quid
613 1157 742 1208 inciderit
759 1172 1009 1224 parumvereoun··

22 1223 31 1233 ‘
86 1267 95 1274 .
194 1227 274 1288 dum,
301 1231 509 1290 praetercurro,
541 1226 772 1291 quemadmodum
788 1226 903 1294 Ulysses
922 1227 1003 1278 obtu-

193 1295 265 1350 ratis
276 1295 389 1346 auribus
401 1293 513 1348 Sirenas
524 1297 789 1364 praeternavigavit.
817 1309 864 1348 ur.
886 1295 940 1348 Sed
956 1295 1001 1346 cui

194 1365 311 1418 interim
322 1364 477 1416 studiorum
488 1367 584 1433 generi
596 1366 806 1432 topotissimum
814 1363 935 1417 addicisl
944 1379 1002 1416 nro·

182 1433 321 1497 diuinae,
329 1434 386 1485 'iuri
399 1450 532 1488 caesareo
541 1441 593 1485 vaut
603 1435 759 1502 pontilieio,
779 1450 813 1486 an
824 1431 1003 1501 theologiae!

196 1503 270 1558 Nam
282 1502 411 1571 linguae,
429 1505 522 1556 bonae
538 1504 653 1568 literae,
676 1502 864 1572 philosophia,
894 1505 1004 1571 paritor
1057 1531 1065 1556 ι

91 1596 101 1602 -
197 1573 356 1624 conducunt
367 1571 402 1622 ad
413 1587 524 1624 omnem
533 1572 748 1642 professionem.
765 1589 809 1634 us.
821 1573 950 1626 Nondum
961 1571 1003 1623 ul·

196 1642 217 1693 li
229 1655 274 1692 me
285 1640 369 1707 plane
380 1641 488 1704 addixi,
506 1642 554 1694 sed
567 1656 602 1695 ex
617 1645 747 1697 omnibus
757 1648 870 1712 gustum
881 1643 918 1694 ali
938 1655 1004 1694 uem

197 1711 299 1777 capim«
309 1724 345 1761 ns
357 1710 517 1780 cuiusquam
528 1711 611 1778 plane
622 1713 672 1764 sim
686 1713 779 1777 rudis,
799 1719 901 1779 utque,
917 1659 1003 1780 flegu-

197 1781 278 1830 statis
298 1779 430 1846 singulis,
454 1781 559 1832 certius
580 1782 694 1848 eligam,
721 1783 765 1834 cui
784 1781 835 1832 sim
850 1796 1004 1834 accommo-

197 1849 259 1900 dus.
270 1842 413 1900 Medicina
423 1849 513 1902 ubivis
524 1855 663 1902 terrarum
675 1853 861 1904 certissimum
872 1852 1003 1903 viaticum

197 1922 253 1975 est:
272 1915 496 1983 lurisprudentia
504 1919 576 1970 viam
589 1923 679 1988 aperit
689 1921 725 1974 ad
737 1921 899 1989 dignitatem
910 1919 1004 1972 Theo·

195 1986 273 2054 logia
284 1979 353 2036 milri
364 1989 522 2054 cumprimis
534 1989 671 2056 placeret,
693 1991 748 2042 nisi
768 2005 812 2042 me
827 2004 921 2042 mores
937 2003 1005 2058 qun·

194 2053 359 2117 rundam,et
397 2070 493 2108 orosae
505 2059 579 2110 inter
591 2060 665 2126 ipsos
676 2060 869 2112 contentiones
880 2057 1006 2111 offende-

194 2129 267 2177 rent.
285 2137 331 2176 nr.
361 2140 416 2176 ,οη
427 2125 642 2191 facilelabitur,
662 2125 1004 2196 qui'sicpedetentim‘in·

195 2193 278 2246 cedit.
298 2194 463 2261 complures
473 2193 549 2248 hisee
560 2199 731 2264 temporibus
742 2197 885 2248 abstinent
896 2212 913 2248 a
923 2194 1004 2248 tlreo·

194 2263 288 2330 logia,
299 2263 373 2330 quod
383 2271 547 2326 vereantur,
558 2281 593 2316 ne
604 2267 737 2318 vacillent
748 2269 775 2322 in
788 2265 842 2317 lide
854 2264 1007 2330 catholiea,

196 2346 281 2398 quum
288 2331 474 2383 videantnihil
481 2335 635 2386 nonvoeari
644 2335 672 2385 in
679 2336 881 2403 quaestionem.
888 2335 1007 2401 saligo,
1018 2357 1028 2368 “

155 2454 162 2462 ,
200 2400 275 2467 qnod
286 2399 349 2467 lego
361 2403 390 2451 in
401 2405 488 2454 saeris
499 2403 589 2454 literis
601 2404 666 2454 etin
677 2405 815 2472 symbolo,
821 2404 1007 2470 qutrddieitur

111 2499 112 2502 =
198 2468 410 2534 Apostolorum,
430 2487 538 2522 summa
548 2471 650 2524 fiducia
661 2473 743 2524 credo
750 2507 759 2534 ,
781 2488 832 2523 nec
844 2467 921 2523 ultra
931 2487 1008 2523 seru·

197 2543 254 2589 tor.
265 2537 364 2589 Cetera
373 2541 505 2604 permitto
517 2538 1008 2608 theologisdisputandaaedelinien·

201 2605 249 2668 da,
270 2605 294 2658 si
305 2607 401 2658 velint.
421 2605 451 2656 Si
462 2607 526 2672 quid
536 2612 632 2658 tamen
642 2616 786 2678 receptum
798 2614 844 2660 est
855 2623 908 2660 usu
919 2607 1007 2676 popuss
1030 2664 1034 2668 ,

188 2675 222 2726 li
233 2673 389 2737 christiani,
408 2674 484 2740 quod
498 2689 553 2725 non
565 2673 648 2742 plano
660 2684 763 2745 pugnet
773 2692 833 2728 oum
847 2679 933 2728 saeris
944 2675 1007 2730 lite-

200 2745 257 2810 ris,
274 2743 408 2820 haetenus
417 2757 512 2817 servo,
522 2757 556 2794 no
568 2745 696 2812 cuiquam
706 2748 759 2797 sim
769 2743 947 2802 offendiculo·
958 2751 1007 2800 ua«
