2126 3188
238 216 243 222 -
289 192 671 264 rnnuucsum
831 195 883 255 ac

40 333 44 344 ,
78 297 168 350 inrito
181 295 303 357 domino,
326 295 376 347 sed
386 295 462 348 ultro
475 295 637 358 deferente,
657 313 708 352 nee
722 299 809 352 ullum
822 316 883 368 pre·
908 299 911 304 ’

80 367 113 419 tii
130 368 297 418 mentionem
314 366 514 416 intercessisse.
552 364 588 416 Se
600 380 765 430 provocasse
778 371 884 424 calcea·

78 435 150 488 rium
167 436 202 486 atl
218 440 361 486 certamen
370 450 480 496 cursus:
500 432 581 484 illum
593 436 735 500 accepisse
747 440 885 491 conditio·

78 517 141 555 nent
154 521 162 566 3
183 520 234 553 nec
244 503 347 555 habere
358 502 432 566 quod
444 507 594 566 queratur,
616 519 698 570 quum
717 514 792 557 esset
802 524 883 560 cursu
950 538 955 552 ι

1 609 2 616 1
79 577 235 638 superatus.
260 584 305 620 cn.
318 569 396 620 llaec
407 571 482 620 actio
494 587 549 620 nun
561 571 677 620 multum
690 573 771 624 abest
782 577 816 625 ab
828 591 885 628 um·

1 682 2 686 ,
77 640 129 694 bra
145 641 227 691 asini.
264 636 338 698 Quid
355 637 486 689 tendenti
521 653 566 690 ro.
591 639 644 689 Ubi
655 639 725 690 satis
737 642 824 694 risum
835 651 886 708 est,

77 710 191 776 quidam
213 706 383 758 eiudicibu:
401 708 648 759 recaritMaccbnr
659 711 694 760 ad
707 725 836 774 coenam,
858 721 887 772 et

1 823 2 828 ,
75 777 234 828 numeravit
245 774 382 827 calocerio
394 777 525 841 pretium.
563 775 660 829 Simile
672 779 804 844 quiddam
817 781 887 834 acci·

1 899 2 908 ἵ
54 853 57 857 ’
75 847 119 898 dit
129 846 300 898 Deventriae
310 860 357 896 ure
366 861 461 911 puero.
482 847 553 898 Erat
564 853 675 914 tempus
687 849 765 911 illud,
778 863 831 914 quo
845 867 892 906 ret

1 919 2 924 ’
75 923 165 984 gnant
185 915 359 981 piscatores,
375 915 481 982 frigent
502 916 581 978 lanii.
619 917 738 978 Quidam
757 918 888 972 adstabat

78 985 116 1038 ad
142 983 505 1046 fenestram-fructuariae,
534 987 593 1036 sire
614 986 723 1040 Graece
745 989 887 1052 mavultis,

1 1082 29 1111 r·
77 1053 286 1122 oporapolidis‚
307 1053 447 1105 foeminae
464 1053 642 1106 vehementer
659 1058 775 1120 obesae,
796 1059 886 1113 oculis

1 1133 2 1158 l
74 1125 193 1176 intentis
212 1124 240 1175 in
251 1140 294 1185 en,
315 1139 386 1190 quae
402 1125 548 1190 proposita
558 1139 656 1176 venun:
669 1133 765 1190 erant:
786 1127 839 1178 illa
850 1142 887 1182 ex

72 1207 152 1244 more
163 1194 303 1256 invitavit,
314 1193 340 1242 si
353 1194 419 1258 quid
432 1193 528 1262 vellet:
542 1201 571 1244 et
580 1209 662 1260 quum
675 1197 784 1248 videret
796 1196 887 1248 borni.

1 1261 2 1292 l
72 1265 137 1314 neirr
160 1266 295 1314 intentum
314 1263 385 1312 licis:
409 1262 470 1322 Vis,
491 1266 544 1324 ait,
565 1265 654 1314 ticoni
673 1273 737 1318 sunt
748 1281 883 1333 perquam

1 1329 2 1334 ’
73 1332 225 1399 elegantes.
237 1333 328 1394 Quum
340 1331 388 1381 iile
400 1333 552 1392 annuisset,
561 1340 641 1398 rogat
653 1342 722 1400 quot
732 1336 820 1388 libras
828 1336 887 1388 rel·

70 1400 126 1454 let:
150 1400 211 1462 Vis,
234 1401 338 1467 inquit,
355 1401 476 1466 quinque
487 1401 592 1451 libra'l
612 1405 885 1466 Annucnti,tantum

69 1472 189 1530 ficorum
203 1470 303 1522 effudit
315 1469 343 1520 in
356 1473 501 1538 grendona.
514 1469 586 1520 Dum
600 1473 648 1524 illa
660 1474 770 1538 reponit
781 1474 885 1533 lances.

1 1561 2 1585 t
68 1540 162 1592 illese
173 1538 317 1601 subducit,
331 1555 384 1589 nnn
396 1555 492 1600 cursu,
513 1540 561 1590 sed
575 1540 692 1607 placide.
714 1541 766 1594 Ubi
779 1543 886 1608 prodis·

1 1674 2 1677 Ἴ
72 1605 119 1668 se't
130 1617 282 1675 acceptura
293 1610 453 1676 pecuniam,
475 1609 547 1662 vidit
563 1618 717 1676 emptorem
735 1614 825 1664 abire:
845 1615 885 1664 in·

1 1690 2 1720 ³
71 1680 204 1747 sequitur
222 1680 419 1742 interimerem,
437 1695 518 1746 quam
531 1695 623 1735 cursu.
645 1681 693 1732 lile
705 1681 884 1737 dissimulans

1 1748 2 1782 l
64 1749 170 1823 'pergit
193 1761 245 1812 quo
266 1750 358 1814 eoepit
380 1751 438 1813 irc3
461 1750 574 1804 tandem
587 1750 682 1802 multis
695 1751 728 1801 ad
741 1750 884 1806 foeminae

70 1833 173 1882 rocem
185 1819 426 1880 concurrentibus,
448 1821 576 1885 restitit„
599 1821 640 1872 lbi
651 1820 679 1870 in
692 1821 788 1887 populi
805 1837 884 1874 coro·
963 1886 965 1890 Ι

1 1895 2 1910 ³
70 1903 110 1940 na
132 1887 227 1951 agitur
244 1901 358 1937 caussa:
383 1888 457 1936 ‘risus
476 1891 615 1940 oburitur:
642 1897 752 1956 emptor
763 1892 885 1958 negabat

68 1973 103 2012 se
117 1959 229 2014 emisse,
249 1955 296 2004 seu
309 1955 381 2022 quod
393 1956 467 2004 ultro
480 1956 604 2008 delatum
616 1959 716 2020 tuimet
727 1963 882 2028 accepisse:

1 2053 2 2056 ¹
68 2029 96 2081 ui
108 2023 195 2078 veltet
206 2023 327 2087 experiri
339 2023 413 2088 apud
424 2023 544 2084 iudices,
555 2041 586 2075 se
596 2029 824 2090 compatiturum.
837 2043 883 2080 ce.

1 2107 2 2113 ¹
68 2099 154 2163 Age,
170 2093 290 2144 narrabo
305 2090 427 2142 subulam
450 2097 515 2144 tuac
530 2096 585 2144 no'n
601 2094 749 2144 admodum
762 2096 885 2146 dissimi-

1 2156 2 2161 ’
68 2165 145 2226 lein,
167 2160 289 2214 fortasse
308 2175 360 2212 nec
382 2159 561 2222 inferiorem,
582 2162 636 2212 nisi
652 2164 726 2226 quod
741 2162 809 2215 baec
825 2179 882 2216 non

33 2261 40 2266 -
68 2233 159 2286 babet
170 2238 313 2283 auctorem
327 2229 441 2295 perinde
454 2229 592 2281 celebrem
605 2237 688 2294 atquc
700 2237 743 2282 est
760 2232 881 2286 Maccus.

66 2302 251 2371 Pythagoras
264 2305 356 2349 totum
368 2304 518 2348 mercatum
530 2299 675 2349 dividebat
686 2301 715 2353 in
727 2302 781 2352 tria
792 2301 887 2357 bomi—

65 2387 138 2426 num
152 2384 266 2437 genera:
297 2383 415 2434 quorum
426 2367 475 2417 alii
487 2368 656 2433 prodiissent
672 2375 704 2420 ut
718 2371 879 2436 venderent,

1 2461 2 2469 ¹
64 2442 125 2496 alii
138 2445 171 2490 ut
186 2447 324 2490 emerent:
357 2435 410 2488 boc
423 2445 572 2504 utrumque
585 2453 673 2506 genus
685 2441 777 2494 aiebat
786 2443 878 2498 solici-

62 2518 131 2566 tum
145 2523 223 2569 esse,
243 2506 361 2574 proinde
375 2522 427 2566 nec
438 2506 520 2557 iclix:
541 2508 677 2559 aliusnon
690 2512 724 2562 ob
738 2512 814 2564 aliud
833 2527 878 2564 ve·

60 2577 132 2635 nire
148 2581 177 2629 in
198 2577 307 2638 inrum,
329 2592 413 2644 quam
426 2583 458 2631 ut
468 2585 594 2644 spectent
605 2578 670 2645 quid
683 2580 742 2633 illic
752 2582 877 2649 proferti-
952 2611 959 2622 -

60 2657 130 2712 tur,
152 2653 202 2700 aut
223 2646 290 2713 quid
308 2651 421 2713 agatur:
441 2645 495 2697 lios
510 2649 586 2700 solos
598 2663 658 2699 esse
669 2648 781 2713 felices,
801 2650 876 2717 quod

59 2719 149 2778 vacui
159 2717 233 2773 curis
244 2717 368 2785 gratuite
379 2717 523 2798 voluptate
532 2717 701 2774 fruerentur.
736 2723 826 2790 Atque
839 2717 875 2774 ad
