2150 3198
204 191 257 264 isi
301 258 305 274 s
390 202 518 259 raom
538 203 591 257 nr
611 199 817 258 runcina.

205 310 273 378 quin
282 313 311 362 et
320 319 371 361 nos
382 309 456 362 inter
467 323 518 360 nos
529 324 547 361 s
558 307 671 372 teneris,
687 305 763 374 quod
775 307 862 371 aiunt,
876 303 1019 375 unguicu-
1058 321 1060 370 3

204 379 242 431 lis
254 379 314 431 noti
324 393 496 442 sumuspneo
507 379 578 430 male
589 379 718 430 convenit
728 377 815 443 geniis
826 375 939 428 nostris.
954 377 1020 431 lam
1058 393 1060 414 ³

111 477 113 482 ν
204 454 285 500 aetas
297 449 371 500 intcr
381 464 441 510 nos,
456 462 511 510 res,
527 448 660 516 dignitas,
676 446 816 510 nobilitum
826 447 899 499 inter
909 445 1018 497 utrius·

207 532 261 585 que
271 523 400 585 parentes
410 531 497 582 paene
508 513 670 582 portarunt.
706 513 833 578 Domum,
844 515 919 582 quod
931 521 976 567 ost
987 513 1018 564 in

208 586 335 639 amicitia
352 587 543 653 praecipuum,
565 585 717 637 tuimores
734 583 805 637 mihi
818 585 949 636 videntur
960 583 1021 634 riou

208 659 329 724 pessime
344 655 482 722 quadrare
497 655 531 706 ad
542 669 634 706 mcum
645 653 796 721 ingenium.
832 653 930 706 Potest
942 652 1021 705 onim

209 740 261 794 per
271 741 301 778 se
312 724 486 792 praeclarum
498 723 573 786 esse,
583 724 670 792 *quod
687 731 782 776 tamon
792 737 848 774 non
859 723 897 774 sit
908 727 1019 789 aptum.
1058 737 1060 760 ι

209 795 299 857 Quum
311 794 365 846 mei
375 793 496 845 vicissim
507 791 557 844 tu'o
574 799 744 860 congruant,
762 793 866 844 risseio.
903 793 967 844 Hae
979 791 1020 842 ri·

159 863 171 872 ’
210 862 314 916 delicet
325 878 399 925 aves,
411 876 472 915 mea
484 863 541 925 lux,
553 861 620 913 mihi
631 866 797 929 promittunt
807 861 870 913 fore
881 859 956 912 inter
967 875 1020 910 uos

210 931 289 996 felix,
297 938 461 1000 perpetuum
473 947 506 986 ac
515 933 619 984 laetum
629 929 1022 1004 iucundumqucconnubium,
1058 973 1060 980 Α

113 1046 115 1056 .
210 1001 294 1054 modo
313 1007 424 1054 n'atuus
440 1003 547 1054 animus
563 1001 632 1052 mali
650 1002 751 1054 ominis
770 1001 927 1052 cantionem
938 998 1022 1050 nobis

212 1072 331 1124 occinat.
353 1087 400 1123 nn.
412 1073 502 1135 Quam
513 1072 679 1124 cantilenam
691 1070 789 1138 optari
810 1085 854 1122 rn.
864 1068 927 1136 Ego
940 1081 1023 1134 prae·
1059 1073 1060 1126 ᾖ

211 1140 316 1194 unam:
334 1138 401 1192 Sum
412 1146 492 1204 tuus3
509 1146 541 1193 tu
552 1141 674 1193 succine:
694 1139 760 1192 Sum
772 1144 830 1190 tua.
844 1178 847 1186 ,
859 1153 908 1200 un.
920 1137 1021 1190 Brevis

92 1261 100 1268 ,
173 1257 175 1266 ,
211 1207 324 1276 quidem
335 1209 525 1274 cantiuncula3
541 1203 1022 1276 sodlongumhabctcpiplroncma.

177 1315 182 1321 ι
197 1272 256 1344 rs.
266 1273 344 1341 Quid
349 1276 451 1348 reierfi
459 1295 540 1346 quam
551 1279 673 1347 longum,
684 1278 767 1330 modo
778 1276 900 1330 laetumi
911 1273 1022 1328 mnnd-

98 1381 104 1392 ι
198 1373 200 1378 ·
214 1360 248 1400 eo
260 1344 327 1398 milii
340 1363 369 1400 es
380 1347 495 1412 invisus,
515 1356 548 1401 ut
557 1349 645 1402 nolim
657 1353 685 1399 te
696 1348 879 1408 committere,
898 1345 981 1397 ouius
990 1344 1021 1396 iu

112 1472 114 1477 ,
210 1424 353 1484 posterum
364 1418 516 1484 poeniteat.
551 1433 596 1470 rs.
611 1417 715 1470 Desine
726 1415 798 1468 male
810 1415 941 1467 ominari.
971 1427 1019 1472 ua.

170 1538 176 1555 x
212 1485 356 1538 Fortassis
365 1486 425 1539 slis
434 1487 484 1538 tibi
495 1485 620 1549 videbor,
629 1487 678 1538 ubi
687 1480 1018 1539 morbusoutaetashanc

212 1553 334 1606 sormam
344 1553 505 1606 immutarit.
519 1554 627 1608 ΗΜ
638 1555 691 1607 hoc
701 1557 840 1622 corpus,b
851 1555 938 1618 bona,
948 1560 1025 1604 tem-¹

212 1637 265 1690 por
275 1625 327 1674 erit
337 1637 424 1690 aeque
434 1624 633 1676 succursurum.
652 1624 708 1677 Sed
719 1640 771 1692 ego
782 1639 836 1679 non
844 1621 1020 1689 contemplor

212 1696 321 1744 tontum
340 1691 414 1744 istud
424 1691 545 1759 undique
556 1693 658 1746 florens
671 1700 700 1746 et
710 1693 823 1762 elegans
835 1692 1021 1754 domicilium,

212 1759 349 1826 hospitem
361 1761 449 1828 magis
461 1761 569 1814 adamo.
584 1765 727 1826 nntstuom
738 1761 895 1830 hospitem!
907 1759 1022 1816 raim·

202 1845 286 1880 ¹mum
308 1829 393 1882 istum
415 1836 508 1893 tuum,
529 1831 606 1882 cuius
622 1833 706 1884 decor
722 1847 831 1899 semper
845 1846 908 1883 oum
926 1836 1021 1884 aetate

213 1903 328 1949 crescet.
365 1913 414 1952 ur.
424 1900 483 1952 Nae
494 1905 527 1950 tu
539 1899 601 1966 plus
611 1916 694 1968 quam
705 1900 834 1970 Lynceus
846 1916 884 1964 cs,
896 1899 921 1962 si
935 1901 1022 1953 istum
1059 1967 1060 1970 Ἴ

212 1965 347 2034 perspicis
358 1981 409 2034 por
417 1974 461 2022 tot
471 1971 600 2022 tectoria.
622 1987 666 2022 cn.
677 1971 801 2022 Animum
812 1971 905 2020 animo
917 1967 1023 2038 perspi·

213 2035 267 2088 cio.
284 2037 324 2088 Ad
338 2035 415 2100 haec,
425 2037 455 2089 in
467 2026 657 2090 communibus
669 2037 767 2091 liboris
777 2038 894 2090 'subinde
904 2039 1023 2106 repube-

205 2119 329 2159 scemus.
346 2121 384 2160 rm
393 2107 457 2160 ded
470 2107 582 2158 interim
595 2109 668 2174 perit
677 2109 834 2177 virginitas.
850 2123 896 2160 en.
905 2109 1022 2162 Verum.

118 2207 123 2220 ι
211 2173 269 2230 Sed
280 2173 346 2239 elio,
366 2174 413 2228 dic
424 2175 506 2238 mihi,
527 2177 551 2227 si
567 2178 620 2230 tibi
636 2183 710 2229 osset
730 2179 843 2244 elegans
854 2177 1021 2244 pomarium,

155 2271 160 2291 ,ι
213 2250 327 2310 optares
344 2244 405 2298 illic
423 2244 493 2298 nihil
507 2260 627 2313 unquam
647 2245 724 2314 gigni
739 2253 850 2313 practer
867 2245 967 2298 liores:
984 2261 1021 2301 uu

166 2375 172 2380 ³
212 2313 322 2375 malles,
334 2313 458 2382 delapsis
469 2314 596 2378 floribus,
609 2313 705 2368 ridere
715 2316 829 2368 arbores
841 2315 963 2368 maturis
972 2328 1021 2382 po·

203 2379 266 2432 “mis
277 2381 424 2446 gravidast
441 2400 489 2438 sin.
500 2381 536 2435 Ut
548 2384 705 2452 argutatori
726 2400 769 2438 rn.
781 2383 887 2437 Saltem
898 2384 1020 2437 illudne·

213 2447 328 2514 sponde,
340 2455 431 2502 utrum
443 2453 656 2520 est-eiogantius
665 2454 871 2521 spectaculum,
892 2439 958 2523 vitis
967 2453 1019 2505 liu·

213 2517 354 2569 milacem
372 2525 401 2571 et
415 2529 652 2590 computrescens,
675 2540 711 2575 on
725 2524 854 2592 amplexu
864 2522 959 2590 pulum
971 2525 1019 2575 out

214 2585 335 2649 ultrum,
351 2601 467 2706 complue
477 2593 624 2658 purpureis
634 2591 694 2644 uvis
704 2591 876 2660 dogrovunsi
904 2607 955 2646 un.
966 2591 1018 2644 lio·

215 2655 322 2734 sponde
336 2661 367 2707 tu
382 2657 420 2707 mi
440 2657 450 2707 i
467 2659 604 2722 vicissim,
624 2667 717 2712 utrum
728 2661 916 2728 spectaculum
927 2676 1018 2713 omoe-

214 2737 292 2790 mus,
312 2739 380 2778 rosa
394 2725 486 2780 nitens
502 2727 733 2784 etiucteainsuo
745 2729 862 2796 frutice,
880 2745 917 2786 uu
927 2729 1017 2786 decer·
