2150 3198
174 251 177 256 ,
212 213 374 288 corias
391 189 688 288 concuborum.
819 230 855 288 on

48 329 134 386 rideo
144 333 234 396 velle,
245 339 378 401 quantum
390 339 497 403 potero,
508 351 613 387 rnorem
626 351 735 402 geram,
754 349 858 402 easque
931 325 940 390 J
975 363 980 380 .

11 415 12 420 ’
47 403 236 464 ratiunculas,
248 419 317 470 quas
328 405 356 454 in
367 401 506 454 Pollionis
516 405 690 457 orationibus
699 404 771 456 mihi
782 408 858 456 risus
887 429 891 436 ·

47 488 110 523 sum
123 473 362 538 animadvertere,
382 479 415 524 ut
429 478 545 538 potero,
562 473 686 526 reddam.
722 489 769 525 cu.
790 477 858 540 Ago,

47 543 213 610 percupim-
264 599 267 608 ,

230 610 235 618 ’
250 609 349 662 Brevis
359 611 393 662 de
404 611 481 678 copia
489 611 658 680 praeceptio.

100 694 169 732 run.
190 679 335 746 accingor.
374 679 743 748 Principieresipsapuris‚
761 679 860 732 electis

49 748 514 816 ccLatinisrcrbisefferondaest:
527 751 600 817 quod
609 752 695 816 ipsum
705 763 860 816 possc,non

49 820 201 871 mediocris
212 820 393 870 artiticisbst.
416 818 486 871 Sunt
497 823 570 871 enim
583 820 730 886 permulti,
753 820 799 888 qui
815 833 860 870 ne·

10 893 11 918 ¹
49 892 107 941 scio
128 903 184 957 quo
207 890 289 939 modo
312 888 419 953 copiam
433 895 461 940 et
472 890 635 941 varietatem
647 889 783 940 orationis
795 886 862 938 alic·

50 964 138 1020 ciunt,
151 973 233 1024 quum
246 973 280 1008 nc
292 957 377 1008 semel
389 958 500 1024 quidem
512 974 569 1010 rem
581 960 689 1024 possint
700 965 764 1024 apte
776 957 862 1022 expli-

41 1043 127 1082 care.
145 1027 211 1090 leti,
222 1031 353 1092 tanquam
366 1029 456 1078 oonrcl
467 1028 620 1081 balbutisse
630 1029 667 1079 sit
680 1043 791 1094 parum,
801 1026 859 1078 bal·
874 1041 875 1048 ¹

49 1097 161 1151 bntiem
177 1111 255 1147 suam
274 1097 336 1147 aliis
355 1102 440 1162 atque
452 1099 514 1148 aliis
525 1099 614 1149 modis
625 1098 747 1150 reddunt
756 1097 861 1148 balbin-

50 1182 131 1230 rem,
150 1171 284 1232 tanquam
297 1167 351 1232 ipsi
363 1181 456 1216 secum
468 1174 606 1220 certamen
617 1167 806 1235 susceperint,
818 1171 859 1230 ut,
894 1205 896 1208 .

52 1252 136 1305 qnam
154 1235 351 1288 barbarissimis
367 1235 421 1286 dici
438 1237 540 1302 possit,
564 1237 666 1289 dicant.
702 1239 800 1303 ltaque
816 1235 859 1286 in·

52 1306 113 1374 epti
124 1319 283 1372 synonymo
295 1303 431 1370 quaedam
447 1313 615 1373 congerunt,
634 1306 705 1358 adeo
716 1303 856 1357 interdum

50 1376 128 1426 inter
138 1390 168 1426 se
179 1373 354 1434 dissidentia,
367 1380 398 1424 ut
409 1375 470 1440 ipsa
480 1377 628 1436 mirentur,
639 1391 692 1441 quo
705 1385 784 1440 pacto
797 1389 860 1424 con·

10 1441 11 1464 ³
49 1445 193 1498 venerint.
205 1442 278 1505 Quid
291 1443 363 1494 enim
377 1443 537 1507 absurdius,
549 1460 631 1512 qnam
644 1443 783 1494 bominem
794 1457 861 1507 pan·

50 1529 170 1574 nosum,
191 1513 239 1564 cui
250 1527 282 1564 ne
298 1528 354 1563 una
364 1513 499 1582 quidem,
511 1529 593 1580 quam
609 1515 669 1564 sinc
682 1511 787 1579 pudere
799 1525 861 1576 pos·

51 1587 90 1635 sit
101 1582 225 1644 induero,
247 1585 285 1632 sit
295 1585 390 1643 vestis,
413 1598 473 1634 eum
486 1589 579 1634 tomen
590 1581 707 1636 subinde
720 1595 784 1631 suos
796 1595 862 1647 pan·

51 1669 104 1704 nos
116 1659 234 1715 mutare,
245 1667 276 1702 ac
288 1652 496 1704 mendicitatem
508 1669 584 1703 suam
597 1668 646 1718 pro
659 1649 757 1719 opibus
769 1663 862 1700 osten·
928 1651 954 1716 '-

51 1722 134 1774 tarci
165 1723 200 1772 nt
216 1719 304 1771 nihilo
317 1721 408 1774 minus
421 1723 532 1773 ridiculi
543 1723 672 1774 ridentur
684 1722 732 1772 isti
743 1721 862 1771 uarieta-

51 1793 90 1844 tis
101 1789 343 1856 affectatores‚qui
357 1790 439 1858 quum
450 1793 569 1850 barbara
581 1790 811 1851 semeldixorunt,
819 1803 863 1839 re·

52 1868 156 1930 petunt
166 1860 239 1911 idem
251 1860 338 1910 multo
351 1862 510 1924 barbarius,
532 1862 641 1913 domum
658 1860 758 1914 iterum
777 1868 861 1925 atquc

50 1935 156 1984 iterum
168 1929 317 1980 indoctius.
352 1933 413 1984 Hoc
423 1937 467 1984 est
479 1947 532 1982 non
546 1931 688 1992 oratione,
710 1929 758 1982 scd
770 1930 860 1981 soloe·

54 1989 154 2054 cism'is
166 1999 314 2050 abundare.
335 1997 364 2051 In
376 2002 473 2069 primis
485 2003 584 2068 igitur,
605 2007 637 2052 ut
648 2002 721 2058 dixi,
741 2015 786 2051 res
799 2001 861 2066 ipsa
914 2048 920 2054 ,

52 2071 128 2139 aptis
140 2077 224 2136 atque
236 2068 333 2119 electis
345 2073 486 2142 ye1·bisest
495 2071 668 2136 explicanda.
680 2070 789 2120 Deinde
801 2084 859 2120 mu-

51 2140 166 2192 tatoriis
178 2139 270 2188 verbis
281 2141 427 2204 utendum,
448 2143 471 2192 si
484 2156 550 2208 qua,
562 2156 632 2207 quac
644 2138 717 2189 idem
731 2137 860 2198 efficiant,

52 2210 242 2276 reperiantur:
273 2215 452 2272 reperiuntur
468 2213 540 2260 enirn
559 2207 704 2274 permulta.
740 2207 858 2256 Demum

52 2279 101 2332 nbi
118 2280 234 2346 propria
245 2275 389 2342 deficient,
407 2279 588 2331 translatitiis
604 2277 658 2327 erit
668 2274 816 2337 utendum,
835 2275 858 2323 si

53 2347 138 2401 modo
151 2345 307 2399 verecunda
322 2351 359 2401 sit
374 2349 529 2401 translatio.
566 2347 725 2411 linquaque
737 2344 783 2395 ubi
794 2344 858 2395 dcc·

52 2423 135 2481 runt,
155 2419 179 2468 si
196 2431 246 2483 per
261 2421 353 2470 activa
364 2420 474 2481 dixisti,
497 2417 531 2468 ad
543 2411 653 2484 passiva
663 2413 859 2466 revertendum

54 2490 125 2551 crit,
150 2501 228 2554 xqueo
244 2486 324 2540 nobis
342 2489 459 2540 totidem
477 2485 620 2538 oraticnes
635 2483 768 2547 reddunt,
791 2489 860 2550 quot
917 2508 920 2514 ι

54 2557 379 2612 exactirisconstahont.
415 2557 517 2608 Postea
527 2557 624 2616 verba,
643 2555 666 2604 si
678 2553 788 2616 licebit,
811 2555 861 2603 aut

53 2629 82 2678 in
93 2627 210 2680 nomina
220 2627 353 2690 verbalia,
364 2628 450 2678 autin
464 2625 608 2692 participia
619 2624 860 2684 commutabimus.
922 2653 928 2673 .

55 2696 223 2757 Postremo,
246 2697 388 2749 ubimodo
401 2696 533 2747 adverbia
543 2695 571 2745 in
581 2697 706 2756 nomina,
718 2693 800 2744 modo
814 2703 861 2740 no-

17 2797 18 2805 .
56 2767 132 2820 mina
150 2769 181 2818 in
199 2765 270 2818 alias
283 2777 365 2836 atque
381 2766 452 2819 alias
475 2773 569 2832 partes
590 2765 862 2818 commutaverimus,
905 2766 910 2780 ⁸

17 2807 19 2866 l
