2126 3188
203 163 256 218 ³12
299 171 301 178 ·
464 157 749 247 convivium

188 265 278 314 'dono
289 259 424 316 adferret.
455 265 676 333 frergivenntm
692 271 735 316 est
751 265 861 326 Conon,
882 279 914 318 te
934 266 1004 319 lusu·

132 395 136 398 p
200 347 262 384 rum
281 347 408 400 operamz
429 335 570 396 principes
581 333 653 382 enim
665 348 721 384 non
733 334 895 386 meminisse
908 335 1004 388 talium
1041 353 1050 360 ·

106 413 112 422 ⁸
202 401 367 462 officiorum.
404 400 458 450 Sed
478 401 546 450 vicit
567 416 645 453 uxor.
681 402 790 468 Deligit
807 403 904 454 Conon
926 401 1011 470 rapae

201 471 310 536 aliquot
322 471 462 536 insignes3
483 470 638 537 accingitur
648 471 751 525 itineri.
770 472 875 524 Verum
887 473 947 538 ipse
959 488 1005 539 per

201 539 275 590 riam
296 545 392 605 eaptus
414 538 549 600 illeeebra
581 541 652 601 cibi,
682 539 829 607 paullatim
859 541 1004 593 devorarit

202 623 315 671 onrnee,
344 623 398 677 una
419 607 562 660 dumtaxat
583 615 701 675 excepta
721 610 871 675 insigniter
893 625 1004 676 magna.

202 753 297 799 rtatim
309 748 420 815 agnitus
432 753 476 798 est
487 763 504 798 a
513 761 594 813 rege,
611 753 640 800 et
650 750 809 803 aeeeiuitue.
838 748 898 811 ¹ilie
910 760 1007 816 inagna

112 733 117 739 ,
203 679 254 730 Ubi
267 681 361 732 Conon
373 679 559 744 irrerepsisset
570 677 600 728 in
612 679 1005 745 aulam,quurexeratiturue,
1057 687 1058 734 ἲ

202 833 264 870 cum
280 818 426 870 alacritate
442 817 544 868 detulit
555 833 673 880 nrurrus;
695 832 745 870 rex
755 817 863 868 maiore
877 833 940 868 cum
953 818 1011 882 ala-¹
1057 841 1058 848 1

203 891 303 940 oritate
314 885 438 954 accepit,
458 885 591 938 mandans
604 887 714 938 auidam
725 887 904 952 aproximis,
923 893 955 936 ut
970 885 1006 936 di·

201 958 323 1023 ligenter
334 967 516 1024 reponeretur
527 956 601 1009 inter
613 971 662 1016 ea,
684 970 754 1021 quae
769 953 888 1006 haberet
900 955 1004 1006 carissi·
1057 971 1058 978 ¹

201 1041 256 1078 ma.
281 1029 421 1080 Cononem
433 1027 511 1080 iubet
520 1039 614 1077 seeum
625 1024 771 1091 prandere:
792 1040 810 1076 a
821 1024 938 1090 prandio
950 1024 1004 1090 egit

158 1149 160 1154 ,
202 1097 308 1147 Cononi
322 1098 443 1162 gratiam
465 1103 493 1146 et
504 1095 628 1160 cupienti
635 1101 766 1160 repetere
777 1109 824 1146 rus
834 1109 914 1148 suurn
927 1094 1004 1145 iussit

199 1179 250 1232 pro
263 1180 330 1231 rapa
341 1166 480 1216 numerari
492 1165 569 1216 mille
582 1171 849 1217 coronatonauteo's.
860 1163 953 1215 Huius
962 1160 1002 1214 rei

198 1231 384 1299 famaquam,
404 1239 435 1282 ut
447 1234 489 1294 iit,
510 1249 559 1299 per
568 1249 651 1285 omne
667 1234 741 1300 regie
752 1233 921 1287 famulitium
934 1236 1001 1284 erret

197 1309 375 1372 pervagata„
386 1303 496 1368 quidam
508 1317 543 1354 ex
553 1303 652 1357 aulicis
663 1303 736 1357 dono
747 1304 826 1355 dedit
834 1305 895 1370 regi
906 1316 1001 1369 equum

184 1380 253 1424 'non
264 1371 464 1439 inelegantem.
500 1374 560 1424 Rex
569 1373 739 1439 intelligens,
755 1373 851 1434 illum,
873 1385 1001 1438 provoca·

152 1457 154 1475 ³
197 1446 256 1496 tum
271 1443 445 1510 benignitate
461 1457 543 1510 quam
561 1443 741 1509 praestiterat
751 1443 872 1502 Cononi,
891 1447 1001 1507 captare

197 1514 345 1582 praedam,
367 1511 446 1563 vultu
468 1513 603 1564 oraiorem
625 1515 653 1564 in
669 1513 781 1564 modum
798 1511 886 1562 alacri
899 1510 1002 1576 aceepit

196 1597 315 1644 munus,
335 1588 364 1632 et
375 1582 535 1634 convocatis
547 1583 717 1648 primoribus
727 1581 887 1634 consultare
895 1580 1001 1646 eoepit,

198 1665 254 1720 quo
275 1665 387 1714 munere
411 1655 540 1716 pensaret
560 1666 659 1718 equum
677 1658 734 1704 tam
745 1651 850 1702 bellum
860 1687 869 1713 ,
888 1655 1001 1716 tamque

198 1721 360 1788 pretiorum.
398 1720 528 1782 interim,
548 1724 594 1787 qui
606 1721 726 1774 donarat
737 1735 850 1787 equum,
870 1733 935 1784 sper
947 1717 1001 1784 opi·

198 1803 259 1842 mus
275 1790 368 1840 animo
381 1791 574 1855 concipiebat,
594 1793 635 1841 sie
647 1793 787 1858 cogitans:
811 1789 841 1840 Si
851 1789 893 1839 eie
904 1803 1003 1852 pensa·

113 1860 117 1869 “
197 1859 239 1910 rit
257 1873 352 1924 rapam
369 1857 500 1912 donatam
513 1875 529 1910 a
540 1863 658 1920 rustico,
678 1867 782 1928 quanto
796 1857 1003 1910 munificentior

197 1934 515 1995 pensaturusestequum
523 1930 607 1981 talem
615 1929 739 1980 oblatum
748 1929 782 1980 ab
791 1927 901 1978 aulient
913 1928 1003 1988 Quom

197 1997 259 2064 regi
278 1996 367 2048 veluti
388 1996 423 2048 de
444 1997 475 2050 re
493 2013 594 2064 magna
608 1995 777 2074 tontultanii
792 1997 864 2048 aliut
876 1995 955 2047 aliud
965 2011 1004 2047 re·

1053 1555 1058 1618 l

196 2066 362 2135 sponderet,
382 2065 483 2132 (nuque
497 2067 759 2133 r·arra.spdldetams
771 2071 1003 2131 eaeetenptator3
1055 2103 1058 2112 .

197 2140 310 2188 tandem
332 2151 402 2188 rexr
430 2136 527 2198 Venit,
546 2137 652 2202 inquit,
671 2137 699 2186 in
711 2143 846 2198 mentem,
867 2135 943 2204 quod
964 2134 1004 2186 illi

198 2206 312 2258 donem:
334 2214 362 2257 et
372 2206 552 2258 accersitoex
564 2207 723 2272 proceribus
733 2206 879 2272 quopiam,
892 2205 966 2256 dixit
977 2203 1004 2254 in

194 2289 310 2336 aurem,
322 2281 352 2326 ut
362 2274 472 2327 adferat
483 2275 522 2336 id,
535 2275 607 2342 quod
619 2275 754 2340 reperiret
765 2277 792 2324 in
808 2275 937 2326 eubiculo
947 2276 960 2340 (
970 2273 1003 2324 ei-

197 2345 309 2408 mquue
327 2345 418 2414 locum
441 2341 594 2410 designat)
613 2345 707 2396 aerico
726 2343 1003 2410 diiigenterobvolu·

196 2418 266 2462 tum.
301 2412 440 2464 adfertur.
452 2429 538 2478 rapa:
569 2428 630 2464 eam
639 2448 648 2474 ,
670 2420 701 2464 ut
712 2421 774 2464 erat
785 2409 934 2476 obvoluta,
953 2425 1004 2465 rex

195 2495 247 2530 aua
258 2495 338 2530 uranu
349 2481 435 2535 donat
446 2483 555 2546 aulico,
566 2483 680 2544 addens,
691 2483 744 2534 sibi
755 2483 846 2534 videri
856 2485 931 2534 bene
940 2497 1004 2548 pen·

101 2546 106 2560 “
195 2555 289 2601 tutum
308 2566 407 2618 equum
429 2551 558 2614 cimelio,
587 2553 660 2618 quod
671 2552 728 2602 siut
738 2551 913 2603 constitisset
925 2551 1004 2602 mille

194 2620 344 2670 coronatis.
364 2619 517 2684 Digressus
529 2621 636 2676 aulicus
648 2620 712 2672 dum
724 2621 802 2672 tollit
813 2620 941 2682 linteum,
952 2631 1004 2688 pro
1022 2648 1025 2661 ·

113 2754 115 2758 .
192 2687 330 2774 thesauro
337 2688 456 2756 reperit,
474 2704 530 2745 non
542 2691 694 2765 rariores,
703 2690 884 2763 quodamnt,
896 2691 949 2746 sed
959 2704 1006 2743 rae

300 2887 323 2917 f

1050 2765 1058 2980 l

1037 3105 1058 3174 r
