2132 3196
228 165 275 262 za*
317 205 373 258 nu
394 156 634 281 curramus
650 161 947 254 snounuorrrs}

228 291 302 363 ‘adeo
312 315 346 360 ut
359 309 502 361 n'ecAdam
514 264 642 358 urlaniter
655 306 781 356 victurus
802 303 887 356 fuerit
905 303 937 354 in
951 303 1040 356 Para·

231 381 306 440 dieo,
326 379 380 428 nisi
390 376 466 429 Deus
476 377 519 426 illi
528 377 701 426 adiunxisset
710 375 806 425 Evam.
836 389 878 424 ri.
897 372 961 424 Non
973 374 1040 426 dee·

229 450 270 499 rit
279 448 352 508 Eva,
373 447 419 498 cui
428 447 466 497 eit
478 445 638 516 opulentum
649 443 843 496 sacerdotium.
855 455 908 506 eo.
921 441 977 494 Sed
990 457 1041 494 vo·

226 517 325 584 Juptas
337 531 390 566 non
405 522 448 567 est
460 516 587 580 voluptas
599 549 607 576 ,
629 527 771 580 quaecum
784 512 858 564 mala
869 510 959 572 fama,
980 527 1041 575 ma·

201 639 206 656 ,
231 585 314 652 laque
325 585 496 637 couscientia
506 584 653 634 coniuncta
664 587 717 634 est·
736 597 777 632 rr.
788 581 901 633 -Verum
914 581 983 631 dieis
993 597 999 629 ι
1011 586 1044 632 et

140 706 145 713 ,
226 654 338 719 1ἱᾶιτίιὌό
354 653 421 703 milri
438 657 466 704 in
476 653 571 702 animo
583 656 640 714 est,
660 649 887 702 confabulatione
902 649 1042 702 librorum

231 722 390 780 solitudinis
401 723 525 780 taedium
536 721 643 771 fallere.
674 734 717 770 oo.
737 720 801 770 letis
812 720 924 785 quidem
937 718 1044 784 sodali-

233 793 285 844 bus
297 788 365 842 nihil
380 791 533 842 iucundius.
563 787 620 854 ,Sed
642 789 753 841 redisne
768 786 803 838 ed
815 795 893 855 tuam
910 789 1044 854 piscatio-

134 879 139 888 ·
234 859 318 912 nemi
336 875 376 910 m.
388 861 495 921 Redeo,
517 859 542 909 si
552 858 637 908 liceat
648 872 746 923 parare
757 871 856 907 novam
867 872 969 908 escam.
997 869 1042 909 uo.

235 931 407 992 Aureanme,
423 943 457 980 an
470 925 650 995 argenteam?
670 942 712 978 ri.
733 926 907 976 Utrumlibet.
929 937 972 980 co:
983 925 1041 978 Bo·

170 1019 172 1025 ⁴
234 1011 274 1050 no
285 1000 377 1048 animo
388 1012 432 1060 es,
465 1003 546 1063 pater
557 995 750 1062 suppeditabit.
783 993 924 1046 melitii!
941 995 1044 1048 illota-

237 1069 342 1118 naoius.
383 1067 443 1118 Neo
453 1066 609 1117 crediturus
621 1071 664 1114 est
674 1063 781 1125 denuo,
801 1079 885 1129 quum
897 1063 1044 1116 intellexe·

196 1195 200 1200 ¹
237 1139 289 1196 rit,
310 1133 376 1184 rnihi
387 1141 491 1185 sortem
502 1135 585 1186 etiam
602 1135 716 1200 perisse.
754 1147 796 1183 co.
815 1130 920 1182 Verum
928 1135 987 1185 ista
997 1132 1044 1185 lex

93 2628 209 2674 fs

239 1209 283 1256 est
292 1203 384 1254 aleae.
413 1219 455 1254 rr.
463 1202 529 1257 ,Sed
540 1203 588 1254 ille
601 1217 655 1252 non
666 1202 823 1253 delectatur
834 1199 885 1252 hae
895 1203 967 1254 alea.
1002 1218 1043 1254 co.

239 1271 270 1324 Si
282 1273 445 1338 pernegauit
456 1271 519 1333 ille,
539 1271 762 1322 commonstrabo
775 1261 838 1332 tibi,
867 1269 941 1322 unde
952 1274 1043 1338 possis

239 1347 374 1408 quantum
385 1341 462 1403 voles
474 1345 607 1407 pecuniae
619 1354 737 1390 suniere.
775 1355 817 1390 rr.
837 1339 881 1390 Tu
896 1355 964 1391 vero
976 1340 1042 1392 milri

239 1411 411 1478 voluptatem
423 1425 520 1461 narras
528 1407 539 1460 ι’
566 1423 618 1476 age
629 1413 769 1470 monstra,
788 1409 842 1459 iam
862 1423 910 1459 cnr
922 1408 991 1461 milri
1002 1425 1042 1461 sa·

238 1479 282 1534 lit.
315 1494 358 1530 co.
381 1478 411 1529 ln
422 1485 553 1544 promptu
563 1484 614 1529 est.
650 1493 693 1529 rr.
721 1477 825 1529 Nactus
840 1493 869 1540 es
880 1475 1042 1529 thesaurum

239 1547 379 1614 aliqueml
415 1560 458 1597 co.
482 1546 510 1598 Si
522 1553 619 1598 nactus
629 1559 734 1608 essem,
755 1545 823 1597 mihi
834 1553 930 1598 nactus
942 1561 1042 1610 oseem,

240 1632 297 1667 non
309 1617 369 1667 tibi.
411 1631 453 1668 el.
484 1613 513 1666 Si
525 1630 623 1682 queam
635 1616 784 1673 corradere
795 1621 906 1668 centum
918 1616 1044 1678 ducatos,

239 1685 376 1738 revixerit
392 1700 464 1750 opes.
494 1699 536 1736 co·
556 1686 592 1736 At
607 1699 658 1752 ego
678 1687 730 1736 tibi
743 1691 950 1748 commmatio,
969 1687 1043 1738 unde

175 1787 179 1794 ·
240 1755 332 1820 possis
346 1753 459 1806 haurire
470 1761 579 1806 uentum
590 1755 687 1808 millia.
714 1753 757 1806 ri.
777 1756 849 1817 Quin
861 1760 892 1806 tu
903 1757 992 1823 igitur
1002 1767 1043 1808 me

239 1821 323 1874 beas?
342 1823 384 1876 Ne
396 1824 604 1876 diutinaeneea.
626 1824 691 1884 Dic,
703 1823 793 1875 undet
813 1839 855 1875 co.
868 1826 909 1876 Ex
921 1840 986 1879 asse
993 1825 1043 1877 Bu·

182 1905 184 1912 ’
220 1900 221 1910 ’
241 1889 304 1942 daei
316 1893 352 1956 *).
378 1892 439 1944 lllio
448 1895 573 1958 reperias
584 1895 743 1944 innumeras
755 1893 905 1959 myriades,
920 1895 988 1952 ¹sive
1002 1899 1043 1946 au·

238 1974 315 2010 ream
328 1962 408 2012 malis
420 1969 573 2025 monetam,
592 1965 649 2014 site
660 1966 832 2028 argenteam·
850 1978 893 2014 rr.
912 1964 980 2027 Abi,
991 1975 1041 2033 quo

190 2074 192 2082 ,
239 2027 339 2094 dignus
350 2046 379 2082 es
389 2067 397 2094 ,
422 2046 482 2082 cum
493 2038 542 2082 tuo
553 2033 623 2082 ioco.
645 2031 725 2082 llliuc
736 2031 785 2081 tibi
795 2034 947 2095 resolvam,
972 2031 1042 2102 quod

177 2140 181 2144 .
239 2095 362 2150 debuero
374 2102 515 2166 pecuniae.
537 2115 579 2152 co.
598 2101 746 2162 Resolven,
761 2101 814 2150 red·
822 2100 896 2166 quod
907 2103 987 2155 illinc
996 2099 1043 2153 tibi

239 2181 398 2222 numerare.
418 2184 460 2220 ra.
480 2169 553 2236 Age,
573 2171 636 2219 nori
646 2183 742 2220 nasum
755 2175 843 2219 tuum.
871 2183 913 2220 co.
940 2175 979 2224 At
998 2171 1043 2221 mi·

240 2233 386 2304 limante
398 2247 482 2290 nesus
494 2246 537 2288 est
548 2239 650 2301 nullus.
691 2253 733 2290 rr.
763 2235 822 2288 lmo
836 2237 906 2291 uilril
920 2246 951 2292 te
963 2253 1040 2293 nasu·

239 2305 305 2354 tius.
341 2305 417 2357 Nihil
433 2321 463 2357 ee
483 2308 536 2358 uisi
558 2323 650 2358 nasus.
686 2305 945 2361 Ludisinreseria.
984 2311 1040 2362 llac

240 2371 269 2422 in
282 2389 313 2424 re
323 2376 395 2442 ringi
406 2376 511 2440 possim
523 2379 619 2438 eitius,
640 2391 722 2442 quam
734 2376 836 2429 ridere.
865 2378 920 2429 lies
932 2383 1039 2446 gravior

243 2448 300 2503 ests,
325 2458 407 2508 quam
429 2450 459 2494 ut
477 2443 569 2497 m'dere
589 2446 685 2496 libeat.
719 2447 763 2497 Tu
775 2447 798 2496 si
810 2445 957 2511 hiaesees,
989 2457 1040 2500 non

241 2508 363 2562 luderes.
409 2500 479 2565 Sum
498 2514 553 2564 tibi
570 2515 699 2566 ludibrio.
735 2515 832 2565 llludis
852 2515 934 2580 mihi,
964 2524 995 2570 et
1013 2515 1041 2568 il·

241 2577 316 2631 ludis
335 2597 389 2634 rue.
423 2584 488 2635 loco
505 2598 549 2635 me
566 2589 671 2634 tractas
686 2585 715 2633 in
727 2597 758 2634 re
768 2585 929 2652 neutiquam
941 2589 1039 2638 iocosa·

227 2661 229 2669 k
270 2681 292 2733 ¹)
314 2681 381 2724 Vixit
390 2683 478 2726 Eraeuri
489 2689 592 2742 tempore
601 2683 670 2746 (initi.
682 2683 787 2728 Budaeus
796 2683 890 2740 Gulllu,
913 2689 953 2747 qui
964 2684 1041 2734 dotti»

326 2739 698 2800 timumlibrumdemmcripiitt

674 2849 689 2877 ἱ
