2160 3192
121 215 125 220 ’
198 217 251 272 sos
303 211 628 266 nrnxonnorzror
644 169 912 268 rmucrscmr

197 317 282 388 peliri
292 316 400 380 quidem
412 315 513 371 veiint,
535 317 590 361 uisi
606 317 723 364 intesta
739 303 934 372 Frahciscona.
962 335 1004 374 co.

196 389 257 440 isto
278 384 326 450 qui
346 378 480 440 suadent,
501 385 550 430 aut
570 388 730 445 captatores
749 391 827 446 sunt,
848 397 896 438 aut
920 388 1005 442 latuit

197 455 246 521 qui
260 451 390 510 credunt,
409 449 607 515 superstitiosi.
645 450 721 502 Deus
739 467 792 502 non
801 454 896 512 minus
910 457 1007 524 digno-

197 525 252 574 scit
263 522 428 573 nebulonem
440 520 468 568 in
481 526 557 580 veste
568 519 766 586 Franciscaua,
786 537 867 588 quam
887 527 916 576 in
938 528 1007 579 mili-

197 593 262 644 tari.
284 606 348 643 rhu.
360 591 395 640 rit
405 589 497 652 minor
508 596 551 640 cst
562 590 716 656 plumarum
727 591 849 644 varietas
861 598 889 644 in
901 597 1007 660 avibus,

198 675 280 728 quam
293 659 410 710 in'vobis
423 659 523 708 cultos.
538 665 591 710 'coz
612 661 707 710 Annon
719 661 814 728 itaque
825 663 951 729 pulcrum
964 676 1008 718 est
1078 727 1079 732 ¹

125 720 140 781 .’
197 727 461 782 imitarinaturaml
484 727 792 794 sedpuicr'iusrioccrc.
817 733 1033 786 rnrrJUtinam'
1076 749 1080 787 l

197 800 345 852 vinceretis
356 805 384 850 et
395 805 548 849 rostrorum
561 799 709 850 varietate!
740 815 782 851 co.
792 816 794 820 ·
806 800 859 852 Sed
874 813 941 870 age,
957 814 1007 857 ‘ra-

197 861 297 921 rietoti
308 883 416 936 quoquc
428 869 637 934 patrocinabor,
656 869 678 918 si
691 871 805 934 puteris.
841 871 941 924 Nonne
960 874 1007 925 ali·

162 953 164 970 ¹
197 939 375 990 torrestitur
392 938 546 1003 itimaros,
569 937 652 988 aliter
674 938 776 999 italus,
801 939 886 992 aliter
898 941 1005 1006 Gallus,

198 1009 284 1059 alitor
297 1009 465 1068 Germanus,
487 1007 570 1059 aliter
582 1007 722 1070 Graecus,
744 1009 829 1060 aliter
839 1013 947 1073 'l‘urca,
958 1013 1005 1064 aii·
1035 1023 1036 1029 ’

186 1082 243 1128 ¹tcr
254 1075 425 1128 Saracenust·
443 1089 504 1128 mu.
516 1075 639 1129 Scilicet.
662 1093 702 1129 co.
720 1077 794 1128 Elin
808 1079 905 1130 eadem
915 1081 1005 1150 'regio-

197 1161 233 1198 ne
244 1159 347 1212 quanto
357 1145 481 1195 varietas
495 1149 620 1208 restium,
642 1149 725 1198 etiam
738 1149 766 1198 in
778 1147 901 1200 eiusdem
913 1166 1006 1215 sexos,

86 1229 89 1237 ’
186 1217 320 1275 uetans,=
333 1220 361 1264 el
378 1213 484 1264 ordinis
496 1213 673 1267 hominibusi
705 1217 815 1279 Quanto
829 1219 902 1270 alius
915 1221 1004 1272 cultus

196 1279 319 1344 Veneto,
331 1282 402 1332 alius
414 1282 590 1346 Florentino,
601 1286 673 1338 alius
684 1287 827 1338 Romano?
837 1289 928 1355 Atque
938 1288 1005 1342 haec
1057 1286 1063 1301 ¹

82 1384 87 1403 i
160 1401 163 1406 ,
195 1351 273 1403 intra
282 1367 365 1403 unam
375 1352 492 1416 ltaliam.
513 1367 573 1406 riri.
583 1348 685 1408 Credo.
708 1371 750 1411 co.
762 1357 835 1408 Hinc
846 1365 912 1409 nata
923 1366 1005 1412 estet

125 1462 127 1469 s
188 1429 293 1473 'nostra
302 1422 433 1474 rarictus.
462 1422 622 1475 Donriiricus
634 1429 753 1492 sumpsit
765 1427 868 1478 cultum
883 1443 899 1479 a
910 1429 1003 1495 probis

170 1520 174 1526 -
195 1491 328 1558 agricolis
344 1493 403 1542 eius
414 1491 570 1558 Hispaniae
588 1497 688 1560 partis,
707 1499 733 1546 in
746 1499 896 1563 quarixit:
917 1500 1003 1551 Bene·
1040 1540 1043 1546 .
1078 1504 1080 1513 ’

92 1629 94 1636 Ι
189 1559 286 1612 ‘dictus
307 1577 324 1611 a
344 1561 466 1625 rusticis
480 1560 539 1615 cius
560 1564 658 1616 ltaliae
680 1567 782 1632 partis,
804 1568 831 1618 in
849 1575 905 1634 qua
921 1569 1002 1621 vixit:

194 1628 363 1680 Franciscus
374 1629 408 1679 ab
419 1625 553 1695 agricolis
564 1632 691 1686 diversae
702 1637 811 1702 partis,
833 1641 917 1704 atquc
935 1636 1003 1690 itcm
1036 1651 1039 1664 ¹

197 1697 232 1752 de
243 1697 354 1750 ceteris.
376 1713 437 1749 riu.
458 1697 580 1753 Proinde
590 1711 721 1769 quantum
732 1705 831 1769 rideo,
852 1723 903 1758 ros
913 1706 1003 1758 nihilo

155 1807 159 1814 .
189 1769 267 1819 'estis
288 1768 442 1818 sanctiores
463 1769 563 1833 nobis,
583 1773 639 1823 nisi
650 1775 773 1826 sanctius
784 1777 921 1830 vixeritis.
959 1785 1002 1830 o'o.

197 1835 257 1887 imo
276 1837 386 1901 peiores
397 1837 490 1902 vobis,
501 1843 666 1908 ,quiparum
680 1845 726 1910 pic·
736 1849 876 1909 virentes,
889 1848 1002 1913 granius

188 1898 370 1956 offendamus
382 1905 488 1964 animos
499 1909 674 1977 simplicium.
708 1924 769 1966 riu.
791 1916 842 1966 list
852 1919 941 1985 igitur
953 1917 1003 1968 aii-

189 1987 252 2042 ⁴qua
262 1989 325 2041 spes
338 1974 372 2026 de
383 1975 478 2038 nubis,
500 1982 546 2045 qui
559 1997 610 2032 nec
620 1987 766 2048 patronum
783 1983 932 2048 habemus,
944 2003 1004 2039 vuon

187 2044 300 2097 cultum
310 2081 318 2108 ,
329 2059 379 2097 nec
389 2048 530 2114 regulam,
540 2053 591 2102 nc'c
603 2052 820 2118 professioneml
843 2071 885 2107 co.
898 2058 1004 2120 Habes,

114 2149 119 2157 -
196 2113 309 2180 oborie3
331 2115 394 2168 vide
404 2124 436 2167 ut
446 2133 554 2170 serres:
576 2135 704 2186 quaeres
715 2126 925 2193 susecptoribus
935 2127 1004 2190 tuis,

187 2184 262 2249 ·qui‹l
276 2185 415 2252 professus
427 2187 465 2238 sis
478 2189 506 2237 iu
518 2188 667 2256 baptismo,
678 2208 760 2258 quam
773 2191 877 2246 rcstcm
889 2197 950 2247 iilic
961 2213 1005 2248 ac·

181 2263 184 2268 ’
196 2255 314 2317 ceperis,
341 2255 377 2306 Et
387 2255 534 2308 humanam
546 2259 671 2327 regulam
684 2262 843 2326 desideras,
866 2267 912 2332 qui
923 2282 1012 2335 regu·x

195 2317 252 2370 inm
265 2325 454 2388 evangelicam
467 2325 610 2393 professus
622 2331 675 2380 sisi
696 2332 850 2384 Desideras
861 2333 1004 2388 hominem

189 2392 363 2454 patronum,
391 2397 437 2462 qui
455 2403 601 2462 patronum
613 2397 716 2452 habeas
732 2403 822 2454 iesum
835 2402 1004 2457 Christbmi
1040 2416 1048 2462 J

192 2455 286 2516 Quum
308 2459 422 2514 doceres
436 2480 568 2528 uxorem,
589 2467 658 2526 nihil
671 2472 872 2538 professuscsi
901 2477 1003 2542 Cogita
1036 2477 1041 2482 ’

193 2523 371 2606 ᾳυίᾱιάθὴεᾶε
383 2531 505 2600 coniugi,
527 2537 594 2602 quid
604 2539 715 2604 liberis,
735 2543 800 2609 quid
812 2544 951 2608 lunrilioc3
972 2551 1003 2598 et

193 2600 298 2647 sennes
320 2604 349 2649 te
366 2599 428 2664 plus
445 2600 548 2657 habere
561 2610 702 2674 sarcinae,
723 2615 842 2678 quamsi
856 2613 1003 2672 Francisei

192 2663 318 2728 regulam
331 2667 474 2732 professus
487 2690 572 2726 esses.
604 2693 666 2730 rin.
689 2682 821 2734 Credisne
832 2683 921 2735 ulium
934 2699 1003 2751 pon·

98 2779 101 2787 ,
192 2727 329 2812 docheum
340 2734 451 2804 ingredi
462 2743 595 2818 coelum}
616 2760 660 2802 co.
677 2749 797 2816 Quidni!
817 2762 883 2815 rara
903 2755 1002 2809 Multa
1039 2800 1046 2808 .
