2126 3188
144 207 146 211 ,
244 125 746 236 netloronrsanoos
806 178 877 236 ‘³4⁷

19 309 22 392 i
72 273 880 412 :intentamenteinarmatis?

70 418 203 471 uitatem.
239 431 286 467 oo.
296 416 342 468 Ad
361 416 435 471 latus
446 418 542 486 itaque
557 416 777 484 septentrionale
796 428 881 487 porta

17 507 19 558 ]
57 487 214 555 ,quaedam
227 491 280 548 est,
301 485 482 566 nontempli,
505 487 616 570 nequid
630 499 719 549 erres,
738 486 881 556 aedoeon,
948 494 963 503 ”

70 554 883 692 ittittettttttitititttttintsinttitt
910 643 922 667 ..

71 695 161 757 lium,
172 701 216 757 ut,
226 696 274 763 qui
284 694 355 746 velit
370 695 494 762 ingredi,
513 695 632 761 primunr
645 695 743 749 tibiam
755 697 881 762 periculo

72 778 217 832 exponere
235 769 368 833 cogatur,
391 763 493 817 deinde
512 773 596 831 capot
615 768 700 820 etiarn
716 766 882 821 submittat.

72 833 273 894 ssa.Proiecto
295 840 389 886 tutum
409 833 567 886 non‘fuent
582 834 619 888 ad
640 834 750 886 hostem
770 833 882 902 ingredi

53 951 55 956 .
71 903 198 973 pertale
214 900 366 959 cadolum,
393 919 440 957 oo.
451 905 537 960 Recte
553 905 702 958 coniectas.
738 903 881 961 Narrabat

68 979 263 1042 ¹mystagogus
274 975 342 1026 olim
351 973 442 1028 virum
454 975 592 1042 equestris
603 973 718 1038 ordinis,
727 988 802 1043 equo
812 974 880 1024 insi-

71 1042 197 1109 dentem,
207 1059 259 1111 per
269 1044 324 1098 hoc
341 1046 441 1104 ostium
454 1044 579 1112 elapsum
597 1045 753 1099 emaoibus
764 1042 880 1106 inimici,

72 1115 124 1180 qui
139 1113 196 1168 iam
207 1115 333 1184 fugienti
344 1115 519 1172 imminebat.
565 1116 609 1168 lbi
625 1115 709 1167 miser
725 1115 879 1180 desperans

69 1183 127 1245 sui,
141 1184 235 1236 subita
252 1185 425 1252 cogitatione
442 1185 560 1238 salutem
576 1199 654 1236 suam
672 1181 880 1236 commendarit

5 1317 6 1322 ¹
55 1252 156 1313 ,dirae
167 1253 286 1322 Virgini,
298 1271 369 1322 quae
381 1257 480 1308 eratin
491 1255 634 1323 proximo,
665 1253 737 1305 Nam
749 1253 785 1306 ad
795 1251 879 1307 hotias
978 1313 982 1318 ,

69 1335 152 1376 aram
164 1321 265 1389 ingere
275 1324 448 1386 decreverat,
460 1326 485 1374 si
493 1323 576 1374 valva
586 1322 733 1388 patuisset.
762 1322 800 1374 Et
812 1333 879 1373 eece

67 1405 134 1444 rem
143 1390 308 1442 inauditam.
345 1391 445 1444 Subito
456 1397 535 1444 tutus
547 1407 634 1458 eques
644 1396 705 1444 erat
714 1391 789 1440 intra
799 1393 880 1453 septe

68 1459 182 1524 tempii,
193 1460 282 1513 altero
294 1459 482 1514 frustratorie
492 1463 659 1518 insaniente.
687 1457 783 1509 ass-Et
794 1454 879 1512 facie·
934 1491 938 1499 ι

2 1530 4 1532 ’
68 1529 125 1582 bat
135 1533 193 1580 tam
202 1529 392 1584 admirandae
407 1531 579 1586 narrationis
590 1523 692 1578 noent
728 1523 879 1578 00·Ma¹i·
938 1523 943 1532 ’

69 1611 129 1652 me.
165 1615 212 1652 na.
223 1601 253 1652 td
265 1600 376 1667 quidem
388 1617 444 1656 non
456 1594 605 1650 admodum
616 1593 700 1648 facile
706 1593 783 1661 apud
792 1600 820 1646 tc
831 1593 880 1646 ho·

69 1667 175 1720 minem
187 1668 393 1738 philosophum.
433 1681 478 1718 on.
490 1664 662 1718 Ostendebat
673 1663 701 1713 in
712 1665 787 1714 ostio
798 1663 880 1716 lami·
936 1685 939 1690 ¹

72 1750 140 1788 narn
152 1751 282 1803 cupream
295 1738 381 1788 clavis
391 1735 511 1799 affixam,
519 1732 716 1801 quaehabebat
727 1734 880 1799 imaginem
959 1797 963 1800 ,

72 1803 177 1870 equitis
194 1805 314 1868 servati,
334 1819 422 1872 eoque
437 1806 514 1856 cultu
531 1806 658 1871 quotum
677 1802 795 1872 Anglica
809 1811 890 1870 gens,

61 1871 218 1933 utebatur,
229 1887 309 1938 quem
320 1879 349 1924 et
361 1872 596 1926 invetustioribus
606 1872 878 1940 picturis-ridemuss

72 1955 147 2010 quae
159 1940 249 1992 sinon
259 1940 439 2004 mentiuntur,
449 1942 590 2006 frigebant
599 1943 628 1994 id
636 1941 739 1994 aetatis
749 1947 879 1994 tonsores

74 2016 105 2064 et
117 2011 163 2078 qui
175 2023 283 2076 pannos
294 2010 409 2076 tingunt
419 2025 453 2062 oc
465 2015 577 2060 texunt.
612 2025 661 2061 um
672 2010 727 2070 Qui
738 2007 796 2060 sici
808 2061 811 2066 ,
832 2021 879 2060 oo.

74 2078 150 2142 Quia
160 2079 296 2132 barbatus
306 2087 368 2130 erat
379 2092 434 2130 non
451 2077 535 2128 aliter
546 2091 628 2143 quarn
640 2091 758 2142 caprae3
780 2078 810 2144 et
819 2075 892 2140 uni·-

61 2161 158 2207 ‚versa
171 2145 260 2201 restis
277 2146 386 2200 nullam
405 2146 527 2200 habebat
546 2159 660 2212 rugam,
681 2142 807 2208 adeoque
822 2157 880 2202 non

75 2223 140 2272 erat
149 2218 240 2270 maior
251 2227 382 2283 corpore,
401 2222 434 2268 ut
450 2215 549 2268 stricto
566 2230 667 2282 corpus
678 2213 769 2278 ipsunt
780 2209 888 2266 redde?

72 2292 121 2340 ret
132 2285 288 2354 angustius.
323 2288 395 2338 Erat
410 2291 439 2338 et
456 2285 548 2344 altera
564 2284 685 2346 lamina,
700 2282 794 2334 celiae
809 2281 878 2348 figu-

73 2369 137 2407 ram
151 2369 185 2406 ac
201 2354 422 2420 magnitudinem
439 2354 574 2412 referens.
610 2367 659 2406 nu.
674 2353 733 2404 lam
748 2351 879 2404 dubitare

1 2428 2 2433 ’
71 2424 187 2478 fmnon
204 2429 274 2476 erat.
312 2423 471 2477 oo.Sobter
488 2421 622 2477 ostiolum
639 2427 701 2476 erat
717 2422 803 2475 cratis
820 2420 879 2473 fer·
980 2447 981 2450 =

72 2494 133 2556 rea,
144 2507 214 2560 quae
226 2492 347 2559 peditem
364 2499 473 2546 tanturn
491 2493 704 2548 transmitteret.
740 2491 802 2545 Non
815 2503 881 2542 con·
1045 2503 1047 2510 ¹

63 2562 206 2624 ,veniebat
221 2567 255 2614 ut
270 2578 356 2629 equus
368 2568 432 2629 post
447 2577 510 2614 curn
528 2561 650 2616 calcaret
667 2564 771 2623 locum,
798 2570 881 2626 quero

72 2632 153 2702 prius
174 2647 259 2700 eques
280 2632 386 2702 virgini
404 2637 606 2684 consecrasset.
641 2645 690 2684 rra.
712 2631 749 2682 Et
768 2627 880 2680 merito.

74 2717 123 2762 oo·
135 2701 210 2762 Hinc
220 2701 256 2757 ad
267 2703 403 2760 orientem
414 2707 458 2756 ost
467 2699 745 2774 sacellumprodigiis
755 2696 880 2765 pleneme
