2132 3196
180 205 353 258 uonrrn
371 200 681 262 rnnoaooercn.
771 185 773 194 '
815 205 868 265 aas

413 308 487 362 Alia.

90 393 137 432 nt.
148 377 251 432 Profer
261 393 377 432 ocreas:
397 395 461 432 narn
475 380 655 448 equitandum
673 387 724 434 est.
744 394 785 434 su.
807 381 851 434 En

41 449 157 518 adsunt·
184 462 228 501 nl.
251 443 343 501 Probe
354 450 465 518 quidem
477 451 565 502 abste
577 456 703 501 curatae:
723 449 803 506 'totae
815 451 851 502 al·
941 483 950 490 -

1 575 2 580 ,
39 519 108 570 bant
118 520 184 569 ritu.
205 519 312 588 Opinon
322 535 373 572 nec
383 526 523 581 externas,
534 535 586 570 nec
597 523 695 570 unctas
706 518 759 570 hoc
768 535 852 586 anno,

41 588 113 641 adeo
124 590 221 656 rigent
230 604 296 654 prae
307 592 445 642 siccitate.
462 590 587 656 Extergc
597 589 732 639 euhuvido
744 583 852 656 panno:

1 667 2 677 ¹
41 673 109 709 mox
126 672 201 725 unge
216 659 252 710 ad
264 660 357 724 ignem
371 660 540 727 diligenter,
567 674 600 710 ac
615 673 742 722 macera,
764 660 853 712 donce

43 727 221 780 mollescant.
233 742 273 780 su.
286 729 444 780 Curabitur.
464 745 507 780 nn.
523 729 576 780 Ubi
588 726 730 780 calcariai·
750 729 856 782 su.Ad-

1 838 2 848 ,
43 804 118 848 eunt.
129 812 175 848 nn.
187 794 306 861 Verum,
317 798 369 849 sed
379 799 499 851 obducta
510 799 648 865 rubigine.
671 797 726 848 Ubi
743 797 855 853 frenum
881 803 886 826 ¹

1 887 2 916 1
44 872 72 918 ct
83 866 233 933 ephippia!
254 882 296 919 su.
306 866 377 918 Sunt
387 871 415 918 in
425 876 565 936 promptu.
586 883 631 921 aa.
643 865 856 934 Vitle,nc,quirl

36 935 119 987 ,desit
126 970 136 1002 ,
147 942 198 986 aut
209 937 320 1003 nequid
331 945 458 1004 ruptum,
471 929 521 989 aut
532 952 597 986 mox
609 937 807 1003 rumpendum,
819 952 854 990 ue

43 1003 111 1073 quid
121 1006 203 1056 nobis
212 1007 250 1056 sit
261 1007 291 1056 in
302 1017 393 1070 mora,
405 1023 489 1073 quum
504 1009 608 1058 erimus
620 1008 648 1056 in
667 1022 760 1057 eursu.
787 1005 855 1073 Pro·

41 1089 111 1140 pera
129 1075 165 1126 ad
186 1075 349 1139 sellarium,
370 1083 399 1128 et
415 1075 468 1128 hoc
485 1076 575 1126 lorum
587 1090 654 1128 cura
665 1075 855 1159 sarciendamt

41 1144 292 1211 Reversusinspicc
304 1146 462 1198 soleassivc
470 1147 577 1198 calceos
586 1161 799 1211 equorum,num
807 1163 855 1214 qur

43 1215 117 1266 clavi
127 1214 228 1276 desint,
236 1221 285 1264 aut
295 1216 436 1266 vacillent.
448 1218 536 1279 Quam
547 1216 696 1270 macilenti
706 1223 771 1267 sunt
778 1217 853 1283 equi,

41 1299 181 1352 quamque
192 1285 319 1352 strigosil
341 1287 458 1347 Quoties
470 1286 614 1352 absterget
626 1296 676 1336 aut
688 1287 777 1352 pectis
788 1287 854 1338 illos

41 1355 71 1405 in
85 1369 159 1414 anno
171 1352 194 1404 i.
219 1368 259 1405 su.
279 1353 337 1405 lmo
349 1353 482 1421 quotidie.
518 1369 563 1404 nr.
582 1353 719 1405 Nimirum
738 1369 781 1406 ree
793 1357 853 1424 ipsa

41 1423 175 1491 loquitur.
196 1422 340 1487 Ieiunant,
357 1424 471 1490 opinor,
493 1438 690 1489 nonuunquam
702 1427 793 1475 totum
805 1425 852 1476 tri·

42 1491 138 1552 duum.
159 1508 199 1544 su.
220 1493 346 1545 Minime.
369 1509 415 1544 nr.
426 1492 521 1558 Negas
532 1497 562 1544 tu
574 1492 703 1559 quidem,
715 1493 763 1542 scd
775 1491 852 1542 aliud

0 1593 1 1614 ι
41 1563 144 1616 dicturi
155 1564 214 1614 sint
224 1564 301 1631 equi,
322 1565 345 1614 si
357 1563 434 1632 loqui
445 1563 540 1628 liceat:
554 1577 719 1631 quamquam
731 1561 800 1612 satis
812 1561 852 1614 lo·
887 1584 891 1594 ·

1 1655 2 1670 2
41 1634 235 1700 quanturipsa
249 1633 345 1684 macic.
367 1648 408 1684 su.
431 1633 504 1684 Guro
518 1632 625 1682 scdulo.
643 1647 687 1684 nr.
699 1631 754 1684 Cur
764 1633 851 1700 igitur·

39 1708 70 1752 tu
83 1702 312 1771 habitiorequisi
325 1704 446 1765 sconia
457 1718 513 1753 non
525 1717 624 1772 pascor
635 1701 852 1756 foenonntloc

1 1771 2 1788 ¹
39 1773 130 1840 igitur
139 1779 240 1826 restat.
260 1773 375 1826 Adorna
384 1774 532 1826 manticam
544 1773 683 1826 celeriter.
694 1786 734 1824 su.
746 1770 819 1824 Fiet.

238 1873 415 1929 'Monitoria
430 1875 629 1947 paedagogica.

1 1979 3 2076 q
214 1959 521 2027 Pnunrnocus,
558 1961 708 2030 Punn.=

97 2061 160 2100 mn.
172 2049 217 2100 Tu
229 2048 298 2100 mihi
308 2050 403 2102 ridere
414 2065 470 2100 non
481 2053 510 2100 in
521 2047 587 2099 aula
597 2048 741 2110 natanael
749 2038 778 2101 in
787 2044 851 2102 cau·

41 2112 78 2182 la,
85 2117 160 2169 adeo
169 2121 291 2170 moribus
298 2135 327 2170 es
334 2121 500 2186 agrestibus.
510 2119 627 2168 Puerum
640 2119 792 2183 ingenuum
804 2118 850 2170 de·
919 2125 928 2133 ’

27 2194 107 2240 ,cent
117 2189 233 2254 ingenui
244 2203 346 2241 mores.
374 2190 492 2251 Quoties
504 2188 656 2254 alloquitur
665 2193 692 2236 te
703 2187 850 2252 quispiam,

42 2261 86 2310 cui
98 2257 186 2309 (lebes
195 2258 343 2320 honorem,
362 2271 496 2325 compone
513 2263 541 2308 te
556 2257 586 2305 in
604 2259 712 2305 rectum
724 2257 849 2321 corporis

1 2328 2 2366 ἐ
42 2334 163 2390 statum,
185 2329 261 2394 aperi
273 2334 363 2396 caput.
382 2327 532 2381 Vultussit
548 2339 599 2376 nec
612 2325 713 2387 tristis,
729 2341 782 2376 nec
793 2333 851 2378 tor·

40 2413 106 2460 vus,
118 2413 170 2448 nec
182 2397 340 2464 impudens,
350 2413 401 2449 nec
412 2403 566 2463 protervus,
577 2409 628 2444 nec
639 2395 787 2459 instabilis,
799 2393 849 2448 scd

38 2465 121 2518 hilari
133 2465 274 2534 modestia
285 2474 469 2534 temperatus:
482 2462 554 2516 oouli
566 2465 727 2527 verecundi,
738 2481 848 2539 senrpet·

33 2538 143 2598 ¹intenti
155 2539 184 2587 in
196 2551 273 2600 curn,
295 2538 338 2588 cui
356 2536 493 2606 loqueris:
513 2534 599 2583 iuncti
615 2535 716 2602 pedes,
733 2536 846 2602 quietae

1 2615 2 2620 ’
37 2621 148 2664 manus.
177 2605 237 2674 Nec
247 2606 361 2664 vacilles
374 2606 491 2658 alternis
510 2604 602 2666 tibiis,
624 2620 675 2656 ncc
692 2606 749 2655 sint
763 2606 847 2673 gesti·

1 2697 2 2740 l
26 2675 154 2742 ⁴culosao
160 2689 279 2738 manus,
290 2692 340 2728 nec
352 2676 477 2728 nrordcto
489 2673 611 2736 labrum,
624 2690 675 2726 nec
685 2676 791 2728 scabito
803 2690 847 2726 ca·

1 2746 2 2760 ¹
37 2753 102 2814 put,
121 2760 175 2800 nec
184 2745 274 2800 fodito
287 2737 380 2800 uires.
398 2746 494 2800 Vestis
505 2746 571 2798 item
581 2745 761 2866 grizrlecorum
772 2729 845 2796 cinn-
