2126 3188
222 157 273 214 ses
427 141 813 230 reneeainrrro

222 260 311 314 iacias
320 255 384 308 iter.
420 251 463 306 Ad
474 255 534 306 eius
545 251 608 303 riae
622 249 735 302 laevum
747 250 825 302 latus
836 253 882 302 est
893 250 1036 306 mentlio'a·

223 329 318 382 bulum
330 327 441 393 aliquot
450 321 654 376 seniculorumr
677 318 712 371 ab
720 320 908 386 iisproeurrit
921 319 1036 391 aliquis,

222 397 393 465 simulatque
404 395 527 446 sentiunt
538 390 733 442 advenientem
744 388 883 458 equitem:
903 405 1036 459 consper-

221 460 347 536 git‘aqua
358 478 451 516 sacra:
474 475 540 512 mox
559 459 644 513 offert
661 459 749 513 calcei
765 474 904 516 summam
923 457 1035 528 partein

224 539 383 591 obvinctam
395 547 479 585 aereo
491 529 608 594 circulo,
624 529 654 582 in
665 543 720 598 que
731 531 835 582 vitrum
846 536 893 584 est
902 541 1034 598 gemmas

223 609 325 676 speeie.
363 599 530 654 Exosculati
546 599 616 652 (lant
632 599 815 652 nummulum.
852 613 903 652 rsa.
916 600 948 652 In
959 603 1033 654 eius·

222 676 302 730 modi
312 673 361 726 via
370 672 467 724 malim
477 669 702 724 mendicabulum
714 667 927 733 anniculorum,
947 683 1032 738 quam

222 760 338 814 gregem
350 742 505 796 valentium
515 741 668 794 latronum.
704 736 913 792 oetiratianus
925 743 1033 808 equita·

221 815 272 869 bat
282 813 351 868 ruihi
362 813 485 874 sinister,
506 811 623 879 propior
634 809 841 863 mendicabula:
864 822 1032 878 conspersus

223 890 267 939 est
276 899 359 952 aqua,
374 883 443 933 tulit
453 888 602 950 uteunque.
639 882 690 934 Ubi
701 879 896 948 porrigeretur
907 880 1031 943 calceus,

222 955 345 1022 rogabat
357 952 425 1020 quiri
436 951 489 1004 sibi
499 950 596 1005 vellet.
632 951 681 1003 Ait
698 950 824 1003 calceum
841 963 904 1002 esse
917 947 946 1002 S.
957 946 1031 1002 Tbe-

222 1039 295 1079 mae.
330 1022 478 1078 incanduit
488 1020 590 1086 homo;
608 1027 638 1074 et
648 1019 685 1073 ad
695 1035 739 1074 nie
750 1035 866 1083 versus,
886 1015 974 1084 Quid,
991 1017 1031 1070 in·

224 1093 296 1163 quit,
318 1093 375 1146 sibi
386 1091 483 1144 volunt
492 1087 545 1144 hee
556 1090 688 1158 pecudes,
703 1089 907 1166 utpseulemur
920 1087 1029 1142 ealeeos

224 1162 349 1216 omnium
362 1158 502 1213 bonorum
512 1160 655 1214 virorum!
677 1160 750 1224 Quin
762 1158 860 1214 eadem
872 1173 961 1226 opera
969 1172 1031 1228 por·

222 1231 321 1302 rigent
333 1229 514 1284 osculandum
531 1235 644 1300 sputum
660 1230 772 1304 aliaque
791 1231 919 1298 corporis
936 1243 1046 1284 exere.

223 1297 338 1356 menta!
373 1301 530 1355 Miserebat
540 1316 586 1354 ms
596 1300 729 1366 seniculi,
749 1300 873 1368 (lotoque
884 1297 1029 1353 nummulo
1060 1361 1061 1365 ἵ

227 1371 390 1427 consolatus
412 1385 474 1424 sum
494 1373 613 1424 tristem.
659 1385 708 1426 rsa.
727 1369 795 1424 Mea
813 1369 955 1423 sententia
976 1382 1032 1423 nou

226 1441 342 1496 omnino
362 1446 476 1509 praeter
499 1455 626 1496 caussam
644 1440 789 1494 incanduit
800 1440 966 1493 Gratianus.
1001 1436 1034 1496 St

225 1511 314 1564 ealcei
325 1510 476 1581 soleaeque
491 1516 670 1566 servarentur
684 1518 716 1564 ut
735 1515 929 1582 argumentum
939 1508 1033 1580 buga-
1060 1541 1061 1564 r

224 1579 263 1633 iis
275 1580 369 1642 vitae,
389 1595 447 1631 non
457 1581 663 1647 improbaretur
686 1587 810 1636 ceterum
821 1578 972 1647 impudens
983 1577 1034 1631 mi·

224 1647 393 1712 bividetur,
412 1648 521 1712 soleas,
543 1649 668 1712 calceos,
690 1657 719 1703 et
732 1651 886 1720 subligaria
902 1650 1033 1718 cuiquam

210 1718 216 1740 ¹
226 1718 381 1773 osculanda
389 1717 550 1773 obtrudere.
586 1717 657 1772 Nam
668 1715 692 1771 si
704 1721 767 1788 quis
775 1718 806 1771 id
814 1733 866 1772 sua
876 1726 981 1788 sponte
992 1716 1032 1774 ia·

226 1787 285 1841 oiat
308 1801 343 1839 ex
362 1787 472 1855 ingenti
493 1786 615 1856 quedam
637 1787 881 1856 pietatisaffeetn
899 1788 1032 1845 senisii·
1058 1811 1059 1822 ¹

263 1869 311 1907 um
323 1855 455 1928 arbitror.
492 1872 540 1911 oo.
553 1857 696 1922 Praestat,
706 1863 762 1912 ista
771 1874 827 1912 non
837 1860 911 1923 fieri,
922 1876 959 1913 ne
971 1856 1031 1928 quid

246 1925 415 1979 'ssimulemz
427 1942 525 1984 verum
536 1943 571 1982 ex
581 1926 626 1981 his
637 1929 729 1993 rebus,
741 1945 811 1998 quae
822 1929 918 1982 subito
931 1927 1032 1996 corrigi

225 2011 283 2050 non
294 1996 547 2063 possuntsolemsi
558 1997 625 2066 quid
634 2000 709 2053 inest
717 1996 794 2064 boni,
805 2000 969 2067 decerpere.
979 1995 1037 2052 lle(
1058 2001 1059 2006 ’

225 2065 355 2121 leetabat
370 2067 487 2120 interim
507 2068 631 2123 animum
647 2083 741 2123 nraum
752 2069 805 2122 illa
820 2069 1031 2136 contemplatio,
1055 2099 1058 2110 ‹

226 2137 318 2190 virum
328 2137 432 2191 bonum
444 2153 506 2192 esse
518 2137 640 2190 similem
651 2138 709 2204 ovi3
732 2139 851 2201 malum,
873 2142 979 2193 noxiae
987 2141 1029 2192 be·
1053 2177 1058 2196 ,η

228 2207 311 2259 stiae.
352 2201 454 2276 Vipera
464 2214 646 2277 posteaquam
658 2208 756 2275 periit,
776 2207 908 2261 mordere
921 2207 1031 2277 quidem
1057 2205 1058 2212 ’

228 2287 285 2326 non
296 2281 400 2342 potest,
413 2276 604 2332 odoratamen
616 2278 749 2345 sanieque
758 2277 860 2330 inlicit:
873 2279 938 2331 oris
950 2291 1032 2350 quum

228 2341 309 2424 vivit,
319 2344 391 2400 laete
402 2348 501 2409 nutrit,
512 2347 578 2402 lana
587 2347 682 2412 restit,
694 2346 809 2402 foetura
818 2345 906 2402 litat:
920 2354 1031 2402 mortno
1055 2373 1057 2396 l

230 2412 353 2493 porrigit
363 2417 435 2470 utile
446 2417 561 2482 conum,
571 2422 690 2484 totaque
700 2419 843 2472 esculenta
852 2422 906 2470 est.
933 2418 1032 2472 ltirlem
1056 2455 1057 2482 ἶ

229 2479 288 2532 vrri
299 2478 407 2537 feroces
418 2493 447 2539 et
458 2486 522 2540 huie
533 2487 638 2540 mundo
649 2486 747 2554 dediti,
759 2486 824 2541 dum
834 2486 1033 2553 viventemi-
1047 2513 1056 2548 η

229 2547 284 2600 bus
297 2550 463 2608 inconmodi
474 2563 549 2619 sunt,
570 2557 676 2610 mortui
688 2558 810 2626 strepitu
820 2557 963 2628 nolarum,
982 2571 1032 2611 aro·

230 2618 338 2671 bitiosa
349 2620 497 2686 sepultura
507 2626 621 2678 molesti
630 2635 697 2680 sunt
706 2627 787 2693 rivis,
797 2629 1034 2696 nonnunquamst
1055 2649 1056 2660 ἒ

162 2716 164 2720 .
234 2699 427 2742 successorum
442 2692 719 2764 inaugurationibus,
738 2697 793 2754 boe
804 2701 862 2763 est,
882 2697 1032 2755 nonam
1044 2737 1055 2754 ·.
