2150 3198
194 205 245 263 102
305 204 551 288 couvrvrum
576 177 856 262 staturosum.
889 194 893 211 ’
951 183 956 187 ’
995 267 1002 271 .

118 298 121 308 '
195 309 1003 380 Quodcondimentumnnrrasipiperensacebarumiuu.

192 379 339 434 lmoaliud
352 381 450 444 vilius,
469 383 520 434 sed
533 383 654 448 suavius.
688 397 727 434 m.
749 379 917 444 Quodnam?
953 391 1003 432 ao.

194 450 317 513 Famem*
349 455 418 504 Eam
430 450 509 502 dabit
518 450 603 502 hodic
615 465 702 503 coena
718 451 826 513 tenuis3
847 454 909 502 cras
921 454 1004 500 acuet

194 515 369 572 stomachum
381 520 628 572 ambulatiuncula.
638 527 639 530 ’
648 521 686 571 Et
694 517 747 572 hoc
760 535 869 587 quoque
880 531 1002 570 eommo-
1069 561 1071 570 .

194 589 221 642 di
246 590 358 642 rusculo
374 605 436 642 meo
453 590 607 643 debebitur.
642 587 748 642 Verum
762 591 796 642 ad
809 604 892 657 quam
903 587 1003 640 boram
1065 588 1071 628 ἲ

193 659 263 710 libet
274 659 434 726 pranderet
449 674 490 711 ur.
499 661 541 712 Ad
553 659 689 711 decimum
697 695 706 722 ,
725 661 886 725 priusquam
897 657 1011 708 invale-'
1061 667 1071 698 a

193 734 254 781 scat
266 735 360 780 aestus
370 719 446 780 solis.
476 721 694 780 uu.0u1·abitur.
713 727 820 779 PUER.
842 728 934 784 Here,
955 722 1002 772 ad·

193 803 258 850 sunt
269 794 401 850 convivae
412 813 463 864 pro
474 797 592 850 foribus.
613 813 661 850 uu.
677 798 773 848 Bonae
784 790 851 842 tidei
861 797 914 854 est,
926 791 1002 856 quod

191 865 321 930 venistis3
352 866 402 920 sed
418 868 463 919 bis
477 875 588 936 gratum
600 873 660 921 est,
680 857 753 924 quod
764 860 880 912 venistis
889 866 1000 912 mature

191 949 248 986 una
259 952 321 987 cum
332 937 436 988 umbris
447 939 545 989 vestris
555 929 639 997 longe
650 929 828 997 gratissimis.
839 927 999 980 Suutenim

192 1003 304 1072 quidam
327 1007 476 1056 inciviliter
493 999 605 1061 civiles,
627 999 674 1065 qui
688 999 902 1054 ,convivatorem
919 1013 1003 1052 mora

190 1088 243 1124 sua
252 1075 393 1135 torquent.
412 1085 451 1120 ur.
472 1069 513 1119 Eo
524 1065 660 1120 maturius
671 1070 807 1130 venimus,
817 1074 849 1119 ut
860 1069 1000 1120 essetoti·
1069 1075 1071 1136 j

191 1157 237 1192 um
248 1138 387 1190 lustrandi
400 1137 564 1204 visendique
579 1137 688 1205 regiam
703 1137 785 1188 istam
802 1143 893 1200 tuam,
907 1152 999 1204 quam
1070 1171 1071 1188 2

190 1207 317 1261 audimus
327 1207 449 1274 undique
461 1209 539 1258 miris
550 1206 658 1260 deliciis
668 1207 784 1268 variam,
794 1221 930 1274 nusquam
943 1221 999 1258 uon
1070 1239 1071 1242 =

133 1285 135 1290 ⁴
189 1278 288 1330 testari
300 1276 405 1329 domini
418 1279 460 1328 sui
471 1276 622 1344 ingenium.
644 1291 691 1328 su.
703 1275 819 1344 Regiam
831 1276 997 1342 spectabitis

188 1346 241 1398 tali
251 1345 363 1412 dignam
374 1360 451 1414 rege.
465 1345 539 1398 Mihi
549 1352 625 1399 certe
636 1345 748 1398 nidulus
761 1351 803 1396 est
813 1346 999 1416 quavis-regia

189 1415 306 1484 gratior.
341 1417 415 1467 Etsi
430 1421 545 1483 regnat,
567 1416 615 1483 qui
628 1415 718 1467 libere
734 1415 804 1466 vivit
815 1429 850 1466 ex
860 1417 945 1466 animi
955 1415 1005 1467 sui.

190 1487 347 1548 sententia,
369 1483 414 1535 bic
430 1486 514 1551 plane
526 1498 623 1552 regno.
660 1483 716 1536 Sed
730 1490 871 1551 praestat,
890 1485 999 1552 opinor,

189 1553 320 1615 interim,
340 1553 406 1606 dum
422 1554 537 1604 culinae
552 1551 698 1619 praefecta
711 1560 793 1621 parat
811 1554 999 1620 holusculum,
1069 1561 1071 1604 i

142 1638 145 1652 ²
190 1629 221 1674 et
232 1619 323 1672 adbuc
333 1623 493 1674 moderatus
505 1627 549 1674 est
561 1622 628 1673 solis
640 1624 729 1686 calor,
739 1625 831 1676 risere
841 1623 941 1676 hortos
952 1635 1001 1674 no·

126 1715 131 1722 ,
191 1695 274 1742 stros.
294 1704 333 1742 rr.
343 1693 395 1742 Est
406 1692 477 1744 alius
487 1695 601 1758 praeter
611 1690 782 1745 bunciNam
794 1693 839 1744 bic
849 1708 917 1746 sane
928 1693 1002 1746 mira
1069 1711 1071 1764 ᾗ

151 1820 156 1826 q
190 1759 282 1811 cultus
292 1759 472 1812 blandissimo
484 1769 599 1828 aspectu
614 1763 709 1814 statim
723 1763 914 1831 ingredientes
926 1762 1000 1814 salu·

192 1833 235 1878 tat
245 1833 274 1878 et
286 1830 404 1881 comiter
415 1830 526 1896 excipit.
548 1845 595 1883 uo.
617 1833 692 1886 Hinc
703 1833 794 1900 igitur
803 1833 935 1898 decerpat
946 1831 1000 1884 sibi
1070 1839 1071 1896 ἴ

70 1897 90 1968 j
190 1895 307 1962 quisque
318 1896 449 1956 flosculos
461 1915 495 1951 ac
506 1900 621 1954 frondes
631 1903 751 1970 aliquot,
777 1918 812 1955 ue
828 1902 896 1968 quid
912 1901 999 1954 offen·
1041 1920 1055 1967 j

190 1965 238 2016 dat
259 1963 358 2034 domus
378 1967 493 2031 paedor.
518 1971 593 2020 -Non
615 1971 689 2020 idern
709 1972 884 2036 odor-aeque
901 1975 1017 2037 gratus.

190 2033 326 2085 omnibus.
363 2036 458 2098 Quare
472 2035 529 2087 sibi
545 2039 660 2105 quisque
672 2037 788 2105 deligat.
824 2039 868 2090 Ne
880 2041 1006 2106 parcite.

189 2103 612 2172 Nanrquiequidbicuascitur‚
641 2121 713 2174 pene
724 2108 864 2173 publicum
876 2117 940 2160 esse
951 2123 998 2174 pa·
1053 2107 1058 2114 '

131 2227 135 2234 ,
189 2173 255 2224 tior.
291 2173 389 2243 Neque
405 2175 479 2226 enirn
498 2189 621 2244 unquam
637 2177 778 2229 clauditur
793 2178 896 2230 ostium
907 2175 998 2234 'buiris
1060 2187 1066 2190 ·

188 2242 336 2304 vestibuli,
355 2245 408 2294 nisi
419 2249 513 2308 neoto.
533 2259 573 2296 ur.
584 2245 626 2297 En
635 2246 691 2298 tibi
701 2246 730 2299 in
741 2247 815 2298 ostio
825 2245 934 2298 Petrus.
950 2260 999 2299 su.

188 2310 270 2361 Hunc
291 2325 343 2376 ego
363 2314 438 2366 malo
453 2315 625 2377 ianitorem*
640 2329 721 2383 quum
738 2313 908 2380 Mercurios,
931 2315 1002 2368 Gen·
1069 2301 1071 2352 Ϊ

189 2384 301 2458 tauros,
323 2381 433 2450 aliaque
454 2391 596 2452 portenta,
616 2385 688 2454 quau
709 2383 1000 2454 quidum‘pinguntiu

189 2445 297 2498 foribus
316 2449 382 2503 suis.
420 2468 461 2504 rr.
481 2455 575 2509 lstbuc
592 2454 702 2517 bomine
713 2455 870 2507 Christiano
883 2455 998 2522 dignius

190 2520 242 2566 est.
263 2530 310 2567 uu.
329 2514 504 2570 Nccmutum
514 2523 776 2590 hubeoisnitoreru3
789 2527 879 2578 tribus
891 2525 997 2593 linguis

190 2583 343 2650 alloquitur
354 2587 568 2654 ingredientem.
581 2605 621 2642 ur.
631 2594 852 2661 Quidloquituri
863 2609 909 2647 uu.
922 2594 998 2656 Quin

188 2653 355 2723 ipselegisi
391 2671 431 2708 ur.
450 2659 630 2714 lnterrallum
651 2663 795 2729 aliquanto
815 2653 929 2734 lon'gius
941 2669 998 2728 est,

188 2731 314 2788 quamut
324 2733 488 2797 prospectus
498 2729 645 2783 oculorum
656 2740 828 2800 assequatur.
847 2749 894 2788 su.
909 2734 953 2787 Eu
962 2734 998 2786 ti·
