2126 3188
679 79 705 118 Α

198 258 249 311 oro
284 223 286 228 ’
459 253 728 310 scurrone.
780 315 789 320 ,

198 363 258 411 tris.
279 358 356 412 Nunc
367 365 446 412 actos
458 366 554 414 tenera
565 360 685 414 fovendo
696 363 748 421 est,
765 357 855 413 Porro
868 373 952 428 quum
963 361 996 414 ed
1042 373 1045 382 ’
1060 415 1061 418 ,

193 429 995 498 salubritatemfirmitatemquecorporisplurimumrefert,
1060 455 1062 458 ·

195 498 285 566 qualis
305 500 344 550 sit
363 500 516 563 alimonis,
539 507 598 552 tum
609 515 676 552 vero
686 499 852 564 praecipue,
874 513 929 566 quo
941 515 996 552 suc·

120 575 124 580 “
196 583 228 619 co
243 573 371 622 tenerum
392 569 463 620 illud
482 585 515 622 uc
533 569 619 622 molle
638 567 831 633 corpusculum
849 567 996 620 imbuatur.
1060 629 1061 632 Ἴ

198 637 270 690 Nam
291 637 354 690 heic
373 653 483 706 quoque
498 639 592 689 locum
607 635 692 706 hebet
703 635 772 688 illud
782 636 876 689 Flacci
887 637 995 700 dicdum,

198 706 258 772 Quo
278 708 359 760 semel
376 715 417 758 est
428 705 534 759 imbuta
548 721 648 770 recent,
662 706 782 760 incolit
793 709 903 758 odorem
919 705 997 761 Tota

195 777 242 828 sliu
253 778 287 840 *).
305 787 349 828 rr.
360 776 404 830 De
415 790 598 844 corporenon
608 778 650 829 itu
659 776 776 844 multum
786 774 896 838 laboro,
917 776 995 828 modo
1057 831 1062 836 ,

194 846 232 896 sit
243 847 349 898 enimus
360 847 469 914 qualem
480 853 617 914 optemus.
634 859 682 898 uu.
699 845 748 896 Pie
759 850 792 896 tu
804 845 929 912 quidem,
950 846 996 898 sed

194 930 292 983 purum
303 914 507 984 philosophice.
525 931 570 970 rr.
582 917 672 979 Quum
684 915 719 968 ob
730 915 806 968 remi
831 929 879 967 no.
896 914 957 966 'Gur
968 921 997 966 tu

196 987 286 1053 igitur
296 986 408 1053 quoties
424 987 547 1040 concidis
557 983 639 1039 holus
653 1021 666 1052 χ
681 979 806 1053 quereris
817 985 904 1036 aciem
915 983 996 1036 cultri

195 1060 321 1107 retusum
333 1070 407 1119 esse,
426 1062 454 1108 et
465 1057 544 1108 iubes
555 1053 670 1109 exacuit
690 1056 746 1106 Cur
756 1069 834 1106 ocum
844 1053 940 1106 reiicis
951 1053 995 1104 olr-

194 1130 259 1175 tusa
265 1125 386 1189 cuspide,
397 1139 479 1190 quum
490 1139 523 1176 ca
530 1139 639 1177 resnou
645 1123 752 1176 adimat
761 1123 867 1176 artemi
877 1139 924 1174 un.
936 1122 995 1175 Non

194 1191 275 1244 deest
284 1207 342 1256 ars,
361 1191 411 1244 sed
421 1195 514 1246 obstat
522 1193 737 1248 instrumentum
749 1209 847 1262 purum
857 1192 994 1247 idoneum.

193 1275 241 1313 uo.
263 1261 319 1312 cur
336 1263 438 1330 quibus
454 1270 498 1315 est
517 1279 587 1332 opus
599 1263 744 1316 oculorum
754 1265 827 1328 acie,
847 1263 942 1315 vitant
958 1263 996 1314 lo·

193 1331 261 1382 lium
273 1336 302 1382 et
313 1332 433 1399 cuspes!
458 1348 502 1388 un.
512 1333 699 1396 'Quievitisnt
710 1333 814 1389 oculos.
833 1347 881 1386 nu.
900 1331 997 1384 Nonus

194 1401 304 1453 animus
317 1406 418 1472 estqui
428 1403 533 1470 cernitl
557 1418 600 1456 sn.
612 1403 677 1467 Est3
688 1417 751 1470 nam
764 1401 836 1453 nihil
846 1401 944 1454 vident
954 1415 998 1466 cx·

193 1470 309 1524 animos.
322 1471 377 1524 Sed
390 1473 455 1540 quid
466 1480 532 1541 aget
542 1473 622 1525 faber
631 1471 846 1524 vitietanecuril
857 1472 1000 1536 snmgnos

194 1543 248 1591 scis
258 1542 354 1607 igitur,
360 1556 460 1608 corpus
470 1542 641 1594 essenrentis
654 1539 805 1611 organum!
815 1553 859 1592 rr.
869 1541 998 1607 Apparet.
1043 1576 1047 1584 .
1061 1579 1062 1582 η

196 1624 244 1661 rru.
266 1611 302 1662 Et
321 1608 437 1674 luteris,
458 1611 559 1662 vitiato
571 1626 691 1677 corpore
702 1627 757 1664 non
769 1625 855 1678 agore
867 1611 999 1670 animum,

196 1684 245 1731 uut
256 1679 459 1732 incommodius
471 1680 574 1748 ageret
604 1693 648 1732 un.
669 1679 949 1748 Nondissimilcveri
959 1676 1000 1729 di·

196 1748 246 1800 cis.
264 1761 312 1800 uu.
323 1749 394 1816 Age,
411 1749 509 1812 videor
522 1747 703 1802 milri'nactus
719 1747 1000 1816 ingenium‘philoso·

127 1839 129 1844 ·
193 1814 315 1883 plricum.
351 1817 438 1884 Finge
449 1818 551 1880 initur,
572 1821 693 1870 animum
705 1818 824 1870 hominis
841 1816 999 1884 demigrare

194 1887 223 1936 in
236 1898 335 1951 corpus
346 1886 417 1951 gelli
427 1859 592 1952 gallinacei3
603 1902 668 1939 num
685 1888 782 1940 ederet
796 1901 904 1948 vocem,
916 1877 1000 1954 quirin

131 1991 135 2002 .
195 1951 404 2014 nuncedinrusl
425 1969 469 2007 rs.
480 1956 669 2025 Nequaquam.
705 1971 752 2008 uo.
773 1954 1000 2018 Quidolrstareti

195 2037 241 2075 rn.
261 2022 335 2084 Quin
354 2023 456 2076 desunt
474 2023 568 2089 lubra,
590 2025 702 2088 dentes,
724 2031 753 2078 et
772 2025 868 2091 lingua
884 2023 1000 2076 similis:

195 2107 246 2145 nec
256 2092 422 2161 epiglottis‚
443 2109 495 2147 nec
509 2101 568 2146 tres
577 2093 679 2145 adsunt
691 2094 870 2162 cartilagines
882 2093 1001 2144 utribus

194 2168 288 2216 motae
309 2163 455 2227 musculis,
477 2163 512 2215 sd
530 2177 598 2229 quos
616 2163 757 2229 pertinent
767 2161 1001 2216 norvieccrebro
1055 2159 1061 2208 ἵ

195 2231 326 2295 demissi,
346 2248 396 2284 nec
415 2230 526 2294 fauces,
544 2247 595 2296 nec
615 2247 646 2282 os
660 2231 768 2284 similo.
792 2245 838 2284 nu.
850 2229 924 2292 Quid
934 2233 959 2280 si
971 2230 1001 2282 in

195 2313 295 2364 corpus
306 2301 380 2352 suisl
398 2315 443 2354 rs.
457 2301 610 2354 Grunniret
621 2300 705 2352 suillo
716 2315 804 2363 inore.
822 2313 869 2351 nu.
889 2299 966 2361 Quid
977 2299 1000 2350 si

193 2366 221 2416 in
235 2381 335 2434 corpus
346 2371 464 2423 camelil
484 2381 528 2426 ss.
541 2371 659 2421 caneret
672 2371 788 2422 utcenit
800 2367 931 2420 camelus.
950 2381 999 2420 nu.
1060 2389 1062 2402 =

194 2433 268 2496 Quid
281 2433 344 2488 siin
356 2452 457 2506 corpus
476 2439 560 2502 asini,
582 2438 657 2506 quod
678 2439 769 2491 evenit
788 2435 923 2504 Apuleiol
955 2450 1000 2488 un.
1057 2439 1062 2494 ἴ

193 2501 332 2569 auderet,
353 2509 465 2574 opinor,
485 2515 518 2561 ut
539 2509 641 2562 ssinus.
669 2521 716 2560 uu.
736 2507 873 2560 Nimirum
892 2503 1002 2558 fatetur

194 2570 247 2623 lroc
266 2573 338 2636 ille,
360 2590 444 2641 quum
459 2584 575 2644 cuperet
588 2577 743 2630 inclamare
753 2579 916 2635 Caesarem,
935 2589 1003 2626 con-

192 2643 291 2692 tructis
303 2650 434 2706 quantum
445 2649 538 2713 potuit
547 2645 636 2699 labris
641 2682 650 2710 ‚
668 2645 750 2698 vin
766 2643 880 2707 sonuit;
899 2643 1004 2695 Caesu-

165 2765 178 2775 .
193 2722 252 2760 rem
266 2709 343 2761 nullo
353 2719 435 2778 pacto
445 2718 536 2782 potuit
546 2714 711 2782 exprimere·
732 2712 811 2771 -ldem
823 2725 906 2782 quum
918 2709 1004 2778 febu-

218 2790 239 2843 ι)
254 2791 452 2848 opinentur..
600 2787 602 2790 ·
628 2813 653 2832 .·
748 2823 752 2836 .
