2150 3198
205 168 271 282 tm!
524 175 707 272 vinee*

170 315 174 321 ’
204 321 377 379 christianus
389 329 496 391 patrem
509 315 747 382 ethnicum,auiue
758 330 840 370 omne
849 314 926 369 vitae
937 330 1014 386 prae.

203 393 304 446 aidiu'm
316 395 437 461 pendeat
449 410 466 445 a
478 392 552 452 iilic,
572 388 701 451 deserat,
721 389 851 455 sinatque
869 387 963 452 perire
973 388 1014 447 iae

200 477 254 514 me·
266 461 430 515 Sinondum
443 477 519 514 esses
530 458 659 528 professa
670 456 809 510 Christum
822 456 1013 522 inRaptisrnu,

199 538 231 583 ‘et
251 538 381 597 parentes
402 537 530 584 vetarent
551 535 579 582 te
595 527 744 594 baptisari,
771 528 816 593 pie
839 525 969 587 iaceres,
989 527 1017 579 si

203 599 341 652 Christum
354 603 509 668 praeferres
520 599 614 666 impiis
625 597 796 664 parentibus.
833 596 889 646 Aut
905 597 931 646 si
942 611 1016 648 nune

202 677 333 738 parentes
349 673 492 737 adigerent
504 668 540 720 ud
551 669 727 732 impietatem
739 671 789 716 aut
799 665 1016 731 turpitudinem,

203 741 404 792 contemnenda
415 745 488 792 esset
499 738 615 789 ili'orum
628 735 791 787 auctoritas.
805 732 867 786 Sed
880 734 1014 800 quidhoc

203 809 240 863 ed
252 808 419 876 collegium?
437 809 473 860 lut
485 807 561 858 demi
574 804 715 856 Christum
727 803 821 856 babes.
851 803 962 874 Natura
972 805 1018 856 di-

204 879 362 943 ctai,Deus
372 879 521 946 approbat,
542 874 802 937 Paulushnrtatur‚
821 873 899 939 leges
918 872 1017 926 huma-

204 963 258 1002 nae
279 949 420 1012 sanciunt,
440 955 472 1000 ut
488 946 540 999 tilii
556 942 881 1012 'obediantparentibus3
903 949 932 994 et
943 950 975 994 tu
987 950 1016 997 te
1058 963 1073 970 ·’

205 1017 342 1071 subduces
354 1021 388 1070 ab
400 1017 566 1077 auctoritate
576 1021 724 1082 parentum
736 1013 914 1080 optimorum,
922 1019 953 1064 ut
962 1027 1016 1079 pro

204 1103 273 1140 reru
285 1094 364 1154 patre
371 1124 380 1150 ,
398 1093 427 1138 te
438 1087 525 1138 dedas
536 1085 661 1146 factitio,
684 1090 713 1136 et
722 1099 773 1152 pro
786 1097 854 1134 vera
864 1088 969 1144 matre,
981 1086 1016 1134 ti·
1072 1137 1073 1142 ,

162 1183 164 1186 -
206 1157 235 1214 bi
246 1157 385 1208 adsciscas
397 1157 532 1208 alienamz
554 1153 720 1220 autpntius,
742 1159 774 1204 ut
785 1166 835 1220 pro
848 1153 1016 1218 parentibus
1072 1153 1073 1176 ³

206 1225 258 1276 tibi
269 1223 398 1276 dominos
410 1241 443 1278 ac
454 1225 581 1278 dominas
592 1221 752 1276 adsciscasi
770 1222 841 1274 Num
852 1223 1017 1288 parentibus

206 1297 247 1347 ita
259 1310 288 1346 es
299 1295 433 1357 obnoxia,
450 1301 483 1347 ut
493 1301 587 1354 tamen
598 1300 627 1346 te
638 1293 756 1345 liberam
768 1307 829 1344 esse
840 1291 940 1344 velint.
962 1293 1021 1344 Un-
1071 1297 1073 1332 ἲ

207 1363 242 1416 de
252 1370 279 1415 et
288 1364 371 1416 liberi
379 1371 514 1420 vocantur
524 1363 714 1426 filiifamilias,
733 1360 807 1428 quod
818 1361 914 1414 absint
925 1377 941 1413 a
953 1377 1021 1414 con·

103 1468 107 1473 ι
199 1433 316 1485 ditione
337 1449 489 1487 servorum.
525 1435 605 1488 Nune
620 1437 648 1485 te
664 1447 714 1499 prc
734 1432 824 1483 libera
832 1427 929 1484 tendis
940 1432 1017 1484 ultro

111 1531 123 1542 -
209 1517 316 1558 servam
328 1504 454 1556 reddere.
491 1503 650 1555 Christiana
672 1500 819 1554 clementia
839 1500 1020 1556 maximae:

209 1577 291 1638 parte
298 1573 439 1624 submovit
450 1573 647 1625 omnemiilam
659 1578 782 1624 veterum
795 1572 1020 1635 servitutemmi·
1072 1633 1073 1636 Ἴ

114 1707 117 1711 ι
208 1642 233 1693 si
243 1641 317 1708 quod
328 1641 355 1692 in
368 1643 464 1708 paucis
475 1642 636 1710 regionibus
648 1640 739 1692 adhue
749 1639 876 1692 resident
886 1643 1019 1710 vestigia.

208 1709 395 1763 scindentem
407 1719 450 1764 est
462 1713 512 1764 sub
525 1716 675 1778 praetextu
686 1697 839 1778 religionis
846 1725 950 1762 norum
963 1727 1021 1764 ser·
1071 1727 1073 1732 ·

206 1781 307 1832 vitutis
318 1795 420 1848 genus,
438 1789 471 1833 ut
481 1796 553 1832 nunc
564 1796 630 1834 sane
642 1784 669 1832 in
682 1781 821 1848 plerisque
833 1780 1020 1840 monasteriis

207 1849 317 1902 vivitur.
354 1848 432 1901 Nihil
442 1850 480 1904 ibi
490 1851 603 1912 licebit,
623 1851 679 1902 nisi
691 1865 725 1902 ex
737 1851 929 1917 pi·aeseript0;
943 1851 1020 1918 quid·

206 1917 273 1984 quid
294 1919 440 1972 obvenerit
461 1921 527 1983 tibi,
549 1921 606 1972 illis
628 1925 781 1972 accrescet:
801 1920 826 1970 ei
844 1935 899 1987 quo
912 1923 1018 1987 pedem

207 1988 342 2053 moreris,
360 1990 513 2050 retraheris
524 2005 539 2042 e
549 1989 632 2061 iuga,
649 1988 767 2059 perinde
779 1991 858 2056 quasi
864 1998 1020 2057 parentem

163 2103 165 2110 .
205 2073 311 2111 venena
332 2061 484 2113 necaveris.
521 2059 639 2128 Quoque
655 2059 693 2111 sit
709 2059 867 2112 evidentior
882 2061 1020 2124 servitus,

208 2129 381 2182 euirrmutant
400 2135 519 2194 restem,
540 2129 625 2198 quain
645 2129 748 2182 dedere
767 2134 913 2196 parentes,
937 2130 1020 2183 etad

193 2199 365 2266 'exemplum
385 2201 508 2271 priscum
527 2215 639 2262 eurum,
660 2199 707 2268 qui
726 2197 795 2250 olim
813 2206 1019 2254 servosessent

207 2270 345 2330 mereatis
368 2276 540 2322 commutant
560 2275 661 2321 numen
675 2269 712 2327 jn
727 2268 868 2337 baptismo
885 2269 1019 2334 inditum,

207 2348 240 2386 ac
250 2350 301 2402 pro
312 2337 396 2389 Petro
407 2343 465 2392 sire
476 2343 587 2403 Ioanne,
598 2345 700 2391 vocant
709 2337 888 2390 Franciscum
900 2347 951 2392 aut
959 2341 1016 2395 Do·
1071 2367 1073 2388 ÷

205 2403 347 2468 mininam,
359 2412 409 2466 aui
420 2409 566 2462 Thomam.
583 2409 683 2462 Petrus
695 2406 879 2461 deditnomen
890 2407 1019 2473 christu,

205 2471 391 2525 stDomiuieo
406 2477 559 2542 initiandus
575 2484 690 2530 vocatur
700 2477 832 2529 Thomas.
869 2477 900 2532 Si
915 2481 1020 2532 milita·

205 2541 244 2592 ris
255 2555 350 2591 servus
361 2543 475 2597 abiiciat
486 2555 591 2602 vestem
602 2563 620 2598 u
636 2546 749 2598 domino
761 2548 870 2610 statam,
902 2550 1020 2602 videtur
1072 2587 1073 2590 κ

206 2607 350 2672 abdicasse
361 2613 517 2682 dominum3
529 2623 558 2668 et
567 2630 617 2666 noa
629 2611 824 2682 applaudimus
835 2617 896 2680 illi,
914 2621 963 2686 qui
972 2635 1019 2672 ve·

206 2681 280 2752 stem
299 2679 415 2748 accipit,
438 2691 520 2752 quam
537 2676 664 2752 cbristus
682 2686 804 2737 omnium
816 2685 948 2740 dominus
959 2703 1018 2742 non

206 2745 300 2800 dous:
331 2750 757 2838 etob‘hnncmntatamgrarius
775 2755 910 2824 punitur,
932 2773 1017 2828 quem
1071 2837 1072 2842 ἵ
