2150 3198
15 167 23 182 Ι
123 245 125 249 ’
208 212 883 276 100100Nv1vlumltunlulosull.

210 313 287 387 ram,
308 329 449 393 nunquam
460 323 559 396 metui
570 325 661 391 cupiet
676 323 789 379 oblivio.
825 323 907 386 Prius
922 323 1018 382 virere

110 434 115 445 .
211 393 346 458 desinam,
367 395 682 466 quamtuimeminissu.

457 479 515 533 Per
535 478 773 548 omnporotionem.
874 515 884 544 ,

157 606 159 610 .
225 573 232 580 ·
263 548 294 600 Si
305 551 430 602 umbram
442 565 541 616 corpus
558 551 664 616 poterit
680 549 819 616 elingere,
841 553 870 600 et
890 549 937 602 hic
958 551 1017 616 ani·

210 618 271 672 m'us
283 621 324 669 tui
336 620 424 686 quibit
435 619 571 670 oblivisci.
609 619 665 670 Tui
674 616 839 670 memoriam
850 633 885 670 ne
896 617 1017 671 Lethae-

210 694 243 738 us
264 688 374 754 quidem
396 691 486 740 amnis
507 687 610 754 poterit
625 687 749 746 abolere.
793 685 952 742 Praeterea
967 702 1017 757 per

212 751 341 816 didymos
354 763 410 820 aut,
431 769 508 808 more
519 757 645 822 poetico,
667 771 717 824 per
727 757 884 809 contraria:

229 821 304 875 Dum
316 823 383 895 iugo
395 827 492 879 errantis
504 842 584 894 aper,
599 825 704 894 fluvios
720 827 782 878 dum
791 826 875 894 piscis
886 825 999 880 amabit.

234 891 307 946 Ante
319 897 388 947 lever
398 912 463 966 ergo
469 894 777 964 pascenturinoetbere
789 896 876 960 acroi,
982 909 985 912 ·

212 967 267 1014 etc.
283 978 353 1029 quac
369 980 425 1017 nun
441 974 483 1018 cst
493 967 574 1018 multi
586 965 696 1032 negotii
705 967 874 1032 excogitare.
911 963 1017 1016 Verum

211 1047 247 1083 ne
257 1033 397 1086 immodici
408 1029 567 1096 rideantur,
578 1034 621 1086 his
632 1037 661 1086 in
673 1035 833 1100 praesentio
844 1035 970 1086 contenti
981 1034 1016 1086 si·
1052 1048 1056 1054 ’

211 1116 282 1163 mus.
318 1103 408 1167 Alias,
428 1104 454 1154 si
469 1105 560 1168 voles,
576 1105 716 1172 copiosius
724 1102 776 1156 hac
787 1103 821 1156 dc
831 1119 861 1156 rc
873 1103 1016 1170 colloque·
1065 1147 1067 1172 ,

156 1167 158 1172 '
210 1184 282 1220 mur.
302 1187 349 1234 cu.
360 1174 422 1242 Ego
434 1178 477 1236 te,
497 1176 652 1248 Augustino
658 1211 667 1242 ,
689 1175 745 1226 iam
757 1173 839 1240 plone
852 1170 1017 1235 exhaustum

212 1241 357 1306 putabam:
368 1243 416 1295 sed
428 1249 581 1311 tupraeter
593 1244 829 1312 exspectationem
844 1258 945 1312 novpm
957 1240 1017 1306 the·

211 1322 324 1367 raurum
336 1313 478 1374 indicasti,
493 1327 574 1377 quem
587 1315 610 1362 si
621 1327 722 1378 pergas
735 1313 890 1377 explicare,
903 1325 958 1361 nox
970 1324 1017 1362 an·

211 1384 241 1430 te
252 1383 441 1446 occupaverit,
460 1396 543 1448 quam
554 1381 607 1432 tibi
618 1381 714 1432 eodem
727 1378 760 1435 de
775 1395 806 1430 rc
818 1378 910 1436 deslnt
921 1379 1017 1431 verba.
1066 1443 1067 1448 Ἰ

212 1460 276 1500 uuo.
293 1449 324 1502 Si
335 1465 387 1518 ego
398 1450 450 1501 hoc
462 1451 596 1503 mediocri
609 1457 637 1502 et
648 1448 775 1502 doctrina
784 1449 1018 1516 ctlngenioprae·
1065 1511 1066 1514 Ἴ

191 1536 197 1554 ,
211 1521 271 1579 sto,
292 1527 425 1584 quantum
437 1520 597 1570 Ciceronem
609 1521 700 1584 ipsum
711 1519 830 1570 valuisse
842 1518 947 1581 credis,
970 1518 1018 1584 qui

212 1598 273 1636 cum
284 1587 385 1637 Roscio
397 1587 534 1639 histrione
546 1593 669 1660 certasse,
680 1587 801 1656 legitur?
837 1585 897 1638 Sed.
909 1586 954 1638 sol
965 1595 1017 1638 nos
1036 1617 1038 1621 -

157 1671 168 1679 “
210 1655 350 1722 relinquit.
382 1657 530 1708 Humescit
551 1657 674 1722 coelum,
695 1662 821 1723 praestat
836 1655 945 1708 imitari
961 1655 1019 1708 ari·
1066 1689 1067 1696 .

211 1724 302 1787 culos,
326 1729 457 1794 tectoque
469 1742 502 1776 ac
511 1727 584 1778 lecto
595 1743 646 1779 nos
657 1727 785 1790 condere.
812 1725 935 1780 Proinde
945 1725 1019 1789 vale,
1066 1735 1067 1738 ’

181 1813 184 1820 s
210 1795 248 1844 mi
263 1792 421 1856 christiano
433 1798 605 1857 suavissime,-
620 1797 650 1846 in
662 1799 838 1846 crastinum„
848 1809 894 1846 cn.
907 1797 952 1851 Tu
972 1795 1019 1847 iti-

211 1863 274 1914 dem
284 1862 354 1915 bene
365 1863 471 1926 valeas,
490 1865 646 1932 Augustino
658 1864 782 1916 omnium
794 1862 964 1930 doctissime.

425 1965 582 2020 Cossitium
600 1966 769 2038 religiosum.

245 2053 700 2116 Euenurus,T1uouusus,
731 2056 989 2118 Tuscenium,
1039 2079 1044 2086 ·

398 2126 664 2186 Guarsounorrus,
684 2123 823 2175 Uesulus.
841 2127 850 2181 ξ

254 2205 301 2244 uu.
313 2193 404 2254 Quum
418 2191 513 2244 omnia
522 2209 594 2244 nunc
604 2200 721 2244 vernent
731 2198 760 2244 et
770 2193 882 2244 rideant
893 2194 922 2244 in
929 2193 1019 2262 agris,

210 2258 334 2313 demiror
343 2271 430 2325 asse,
441 2263 490 2330 qui
499 2263 616 2314 fumosis
628 2262 741 2313 urbibus
754 2261 938 2314 delectentur.
975 2277 1016 2314 rr.

210 2329 275 2380 Non
287 2343 382 2383 omnes
394 2334 540 2400 capiuntur
550 2337 664 2398 aspectu
675 2329 790 2394 florum,
813 2337 861 2384 aut
871 2337 1020 2398 protorum
1065 2355 1067 2372 ι

209 2400 399 2464 vernantium,
416 2398 466 2454 aut
475 2401 593 2452 fontium
608 2403 778 2452 amniumrer
801 2406 860 2463 aut,
871 2402 897 2451 si
907 2402 1021 2468 cupiun-

209 2472 270 2532 tur,
291 2471 435 2533 estaliud‚
453 2471 527 2538 quod
540 2471 630 2538 magis
640 2469 726 2522 iuvet.
745 2469 929 2536 ltavoluptas
940 2470 1022 2523 volu·

208 2541 301 2603 ptote,
312 2541 399 2592 veluti
411 2540 505 2591 clavus
517 2539 605 2603 clavo,
617 2539 740 2606 pellitur.
755 2554 806 2608 nu.
825 2540 869 2590 Tu
880 2539 951 2592 mihi
961 2538 1021 2592 ior·

208 2600 488 2662 tassefoonerotorcs'
498 2625 613 2671 narras,
631 2616 681 2662 out
695 2608 739 2660 his
755 2608 915 2662 simillimos
934 2624 1021 2679 nego-

208 2675 326 2732 tiatores
337 2683 446 2730 avaros.
465 2691 504 2730 m.
526 2679 598 2734 istos
615 2677 741 2746 quidem,
759 2678 985 2744 sednonsolos,
1005 2693 1021 2730 a

183 2816 186 2818 -
208 2745 294 2809 bone,
316 2747 372 2798 imo
379 2763 445 2798 cum
457 2746 500 2798 bis
510 2747 673 2800 innumeros
683 2747 770 2812 alios,
790 2763 880 2816 usque
892 2749 932 2801 ad
943 2752 1021 2818 ipsos
