2126 3188
209 199 259 254 ece
307 242 312 254 ,
484 157 732 252 couurvuuu

207 317 272 355 rene
290 299 411 366 pretium
429 299 561 367 aequius,
582 304 763 364 posteaquam
779 285 901 362 emptori
916 301 1014 350 tanto·

208 386 273 438 pere
286 369 409 438 placeret
420 383 505 420 merx.
540 369 577 418 lit
588 369 642 418 iam
654 372 715 417 crat
725 366 856 416 nonnulla
868 373 1014 420 contracta

112 439 115 450 '
208 439 392 492 familiaritas.
430 437 636 489 lleicllleccua:
659 434 807 495 Dicnrih'i,
823 435 926 502 inquit,
938 438 1014 490 bone

208 509 285 571 ilde,
297 521 472 575 nunquamne
485 522 534 566 usu
546 508 621 556 venit
631 504 697 567 tibi,
717 510 762 565 ut,
775 519 855 570 quem
867 507 910 555 aic
922 509 1014 558 ocreis

209 584 237 632 ct
249 577 351 630 colceia
363 577 397 628 ad
409 591 517 627 cursum
530 588 677 635 arnicasca,
696 571 929 642 quemadmodum
942 591 1015 628 nunc

208 647 326 699 arniasti
337 662 388 706 me,
399 646 500 696 abierit
511 659 566 694 non
576 649 722 695 nunrerato
733 643 842 710 pratici
858 643 1015 710 Nunquam,

209 718 251 770 ait
261 716 317 767 ille.
355 715 439 782 Atqui
451 714 570 774 alferio,
590 711 692 778 inquit,
712 711 882 777 veniatnsu,
906 709 972 780 quia
982 707 1015 766 lu

209 792 268 839 tum
289 784 416 838 lacereai
452 785 656 851 consequerer,
678 782 769 850 inquit
784 782 951 845 calcearios,
972 783 1015 836 lu·

230 857 340 907 ‘eatena
360 853 570 914 Tumllleccua,
592 850 866 914 serioneietedicia,
886 851 1016 904 auiocol

210 871 299 980 l‘lene
311 924 400 987 aerio,
420 925 512 990 inquit
525 923 608 984 alter,
620 922 736 986 loquor3
758 927 786 972 et
796 923 870 972 aerio
882 920 1011 975 iacerem.

210 993 363 1060 Experiar,
383 991 422 1048 eit
434 995 554 1046 Maccus.
578 991 620 1042 En
631 1005 682 1058 pro
693 991 793 1044 calceis
804 1004 965 1057 praecurro,
983 992 1013 1044 t'u

108 1125 110 1130 Ι
212 1077 295 1114 cursu
316 1076 441 1128 sequere.
478 1061 619 1128 Simulque
638 1075 701 1112 curn
717 1059 792 1114 ‹licto
807 1061 929 1131 coniecit
944 1075 974 1112 se
985 1061 1013 1113 iu

211 1132 306 1200 pedes.
342 1130 502 1181 Calceariua
518 1130 666 1197 evestigio
680 1136 845 1182 consecutus
859 1137 914 1193 eet,
930 1145 1013 1197 quan·

211 1206 270 1264 turn
292 1204 418 1266 poterat3
440 1199 600 1261 clamitans,
620 1201 728 1251 'l'eaete
745 1197 851 1260 frtrem,
868 1199 1012 1252 tenetelu·

210 1281 280 1322 rear.
292 1269 333 1320 Au
342 1267 511 1322 hcncvoeem
524 1284 606 1336 quum
620 1268 1013 1336 ciroeundiqueproailiiaeeut

171 1393 182 1406 ,
211 1353 246 1392 ex
256 1339 384 1400 aedibus,
401 1337 454 1397 hoc
464 1344 621 1390 commento
632 1337 758 1390 cohibuit
768 1339 832 1390 illoc
843 1339 967 1402 Maccus,
979 1351 1011 1390 ue

212 1409 274 1477 quie
290 1423 400 1462 menum
416 1403 557 1472 iniiceret;
578 1405 671 1459 ridenl
689 1423 722 1460 ac
735 1407 814 1462 vultu
826 1407 953 1473 placicio,
972 1405 1011 1480 Ne

206 1478 284 1545 quie,
305 1479 408 1544 inquit,
427 1479 584 1532 reniteretur
594 1491 701 1530 curuum
713 1484 853 1541 noetnrm3
874 1483 1012 1529 certamen

212 1553 257 1600 eat
272 1547 307 1599 de
323 1561 395 1612 cupa
405 1548 565 1602 cerevisiae.
601 1547 762 1614 Itaqueiam
776 1555 871 1599 ontuee
882 1549 1012 1614 praebere

211 1631 272 1668 eene
289 1618 449 1670 certaminis
460 1621 640 1686 spectatores.
676 1615 894 1682 Suspicahantur
913 1622 1013 1680 autem,

211 1685 378 1739 calcearium
391 1687 455 1740 dolo
467 1687 619 1740 clamorem
631 1701 694 1739 eum
705 1687 822 1752 lingere,
831 1691 863 1737 ut
874 1684 926 1738 liat
934 1700 1013 1738 cece·

210 1755 290 1810 aione
301 1760 499 1810 anteverteret.
519 1755 645 1814 Tandem
656 1755 811 1808 calceariua
822 1769 905 1808 curan
916 1756 1013 1823 victae,

107 1847 109 1854 ·
210 1823 313 1874 audens
326 1829 354 1875 et
362 1823 478 1878 anhelae
490 1825 601 1876 domum
613 1824 707 1878 rediit.
744 1826 857 1878 Maccus
872 1825 939 1877 tulit
953 1825 1014 1878 bra·

209 1891 300 1958 laeum.
319 1905 365 1942 oa.
378 1893 489 1948 Maccus
500 1894 555 1946 iate
565 1895 666 1963 effugit
675 1893 787 1962 quidem
799 1893 975 1957 calcearium,
986 1898 1013 1946 at

210 1975 265 2013 non
276 1958 375 2029 effugit
386 1959 485 2016 lucem.
513 1979 557 2016 uo.
575 1965 665 2027 Quam
677 1963 712 2015 ob
723 1963 801 2016 remi
820 1978 866 2016 aa.
889 1963 963 2024 Quia
973 1963 1014 2014 lu-

210 2045 269 2084 rem
280 2029 495 2088 lerebeteecum.
507 2049 551 2086 rc.
556 2032 708 2086 Fonteium
719 2047 775 2086 aron
785 2037 846 2086 erat
856 2031 893 2084 nd
903 2047 1013 2086 manum

209 2102 336 2170 pecunia,
348 2119 428 2171 quam
440 2109 539 2174 postea
548 2104 674 2156 recoluit.
693 2118 740 2158 ee.
751 2103 855 2157 Verum
865 2109 928 2158 crat
939 2103 1012 2158 ectio
1054 2109 1055 2162 Ξ

209 2171 291 2230 tuni.
309 2188 352 2227 ro.
362 2175 403 2228 Ea
414 2174 523 2242 quidem
535 2179 600 2240 poet
609 2174 748 2228 intentata
759 2180 812 2227 ost.
823 2173 880 2227 Sea
891 2177 947 2226 iam
959 2187 1012 2226 ma·

211 2239 375 2308 gistratibue
386 2245 493 2312 aliquot
504 2246 667 2296 innotuerat
677 2245 801 2298 Maccus.
829 2258 875 2296 ca.
891 2243 965 2307 Quid
975 2248 1014 2295 at·

210 2310 277 2360 tulit
288 2312 417 2364 Maccus?
453 2329 496 2365 ro.
515 2313 590 2376 Quid
601 2312 721 2367 attulitl
748 2311 850 2380 rogaai
871 2312 901 2367 in
917 2327 1013 2366 cauata

211 2383 270 2428 tam
289 2379 432 2434 vincibili!
465 2381 558 2448 Magia
578 2383 757 2448 periclitatus
776 2387 821 2434 est
837 2387 917 2435 actor
934 2396 1012 2453 quau

187 2459 191 2482 ¹
213 2460 285 2497 reus.
306 2463 352 2500 aa.
364 2452 420 2514 Qui
432 2451 491 2503 eici
513 2465 563 2502 eo.
581 2453 653 2512 Quin
665 2453 801 2520 gravabat
811 2450 891 2502 illum
904 2453 1012 2504 actione

213 2515 382 2581 calumniae,
400 2526 430 2572 et
438 2519 600 2572 intendebat
610 2520 636 2573 le
657 2537 699 2573 cm
711 2520 870 2583 Rhemiam,
891 2533 965 2587 quae
977 2519 1014 2572 (li-

213 2590 284 2646 ctat,
304 2593 351 2651 ut,
371 2589 420 2654 qui
435 2591 539 2642 crimen
558 2538 725 2651 inoculare,
744 2590 817 2658 quod
829 2589 952 2655 probare
962 2603 1015 2640 non

212 2657 308 2720 possit,
318 2669 436 2721 poenam
447 2657 532 2720 feret,
544 2672 625 2725 quem
634 2659 742 2714 laturus
753 2664 813 2712 orat
826 2673 903 2718 reus,
916 2659 944 2710 ei
954 2673 1013 2710 con·

213 2723 421 2778 victorialem
445 2727 573 2796 Negabat
582 2743 614 2783 ee
625 2733 813 2782 contrectasse
819 2741 882 2786 ,rem
895 2727 1015 2783 alienam
