2132 3196
220 247 256 302 m
392 245 396 252 ’
500 215 749 306 nonnosus:

220 347 353 402 Profecto
364 346 452 399 habeo
465 348 516 399 tibi
528 348 619 398 fidem.
631 347 715 398 istius
725 345 766 396 rei
776 342 845 396 mihi
855 342 1032 399 snellefidern

223 419 302 471 fecis.
315 417 403 470 Credo
417 417 469 467 tibi
480 416 525 468 vel
536 416 669 466 iniurato.
679 413 843 467 Verisimile
852 414 933 465 dieis.
947 414 1031 466 Adse·
1057 439 1060 452 ·

113 542 118 548 ,
223 492 289 538 runt
307 492 400 537 tumen
416 485 543 536 nonnihil
558 485 652 536 solatii
668 484 778 537 literae.
813 485 850 535 nt
869 497 923 552 ego
945 483 1031 536 elter-

223 563 318 608 utrum
329 556 440 619 melior,
462 569 542 623 quem
554 559 691 606 neutrum.

490 653 628 710 Utilitatis
643 656 776 728 formula.

279 758 326 796 crs.
347 743 485 805 Quorsum
506 747 634 808 spectant
649 740 749 793 literae
763 741 822 794 sine
833 741 967 809 peoonisl
987 742 1032 793 Ad

225 812 291 879 quid
301 813 519 864 tendeminooes
530 811 688 862 conducunt
699 809 823 863 litereel·
832 813 972 874 Quorsum
984 826 1032 862 ve·

223 881 300 945 lent,
319 881 353 933 ud
365 881 430 948 quid
442 879 607 940 conferunt,
628 879 749 942 fuciunt,
765 888 900 945 prosunt,
919 879 1032 946 prollei-
1059 893 1062 920 1

224 957 276 1002 unt
287 952 387 1003 literae
397 945 521 1005 vseuee‘l
542 949 592 1001 Cui
604 954 717 1016 gestae,
734 951 779 1000 eui
790 959 919 1016 aeceptoe
931 949 1032 1001 literne

225 1019 287 1072 sine
299 1018 436 1070 nummist
458 1018 532 1077 Quid
548 1017 728 1072 emolumenti
740 1016 870 1070 adierunt
881 1018 979 1070 literne
989 1020 1033 1068 in·

225 1087 310 1140 eoesl
343 1088 393 1138 Cui
404 1087 478 1136 bono
489 1090 554 1136 sunt
565 1086 797 1138 otiosaelitereel
832 1087 906 1150 Quid
919 1085 1033 1139 iuranti

130 1195 134 1199 -
228 1157 280 1208 Cui
291 1152 446 1206 suotusuil
466 1154 507 1204 dd
519 1153 584 1220 quid
597 1152 877 1207 conducibile-esunt!
905 1157 979 1219 Quid
988 1171 1032 1208 so·

225 1239 288 1277 cum
308 1222 441 1343 eldtssunt
455 1219 607 1276 momenti?
643 1222 691 1274 Cui
707 1224 750 1275 rei
760 1228 826 1277 suut
837 1225 920 1278 utiles
928 1227 1030 1278 inanes

226 1293 316 1359 episto
330 1305 362 1345 ae
477 1334 481 1348 .
710 1313 712 1318 ‘
885 1319 890 1326 ·

549 1375 706 1446 Responsio.

277 1479 322 1518 rs.
344 1462 443 1524 Podioi,
459 1463 595 1531 tergendo
606 1465 701 1525 utiles,
720 1460 855 1524 idoneae,
875 1476 1032 1514 accommo-

226 1535 288 1586 dae.
326 1528 491 1585 conducunt
502 1533 616 1584 nutibus
625 1531 775 1599 tergendis.
805 1534 834 1586 Si
845 1547 926 1585 usum
937 1533 1031 1584 neseis

226 1617 339 1664 eurum,
363 1603 398 1654 ad
420 1617 501 1654 enum
521 1601 730 1668 expurgandum
745 1603 850 1656 volent.
886 1601 929 1652 Ad
949 1609 1031 1654 nates

224 1669 384 1738 tergendas.
415 1661 456 1724 td
467 1670 603 1738 posticum
615 1671 796 1738 purgandum.
826 1670 983 1724 conterunt
993 1671 1031 1724 ad
1040 1705 1052 1717 ι
1064 1699 1065 1702 ¹

225 1755 287 1791 eum
297 1742 422 1808 eorporis
433 1745 538 1806 purtem
550 1740 750 1802 mundandam,
770 1756 840 1808 quae
851 1745 942 1791 semet
953 1740 1032 1807 iden-

224 1808 312 1861 tidem
322 1810 459 1876 inquinet.
491 1809 594 1862 Volent
604 1809 811 1862 convestiendis
823 1809 968 1861 scombris.
987 1810 1039 1860 m:

179 1931 181 1936 ,
224 1877 361 1930 volvendo
373 1878 448 1929 thuri
459 1884 523 1930 sunt
534 1877 735 1931 accommodes.
761 1878 833 1940 Quid
845 1877 856 1929 l
886 1878 1031 1932 volentos

225 1946 354 1998 emieulil
375 1946 678 2015 Quiduxorugittuat
698 1963 745 2000 cn.
765 1948 864 2000 Reote:
883 1945 1031 2018 eomepud

224 2016 454 2086 mutremeliqui
462 2051 471 2080 ,
490 2023 519 2070 et
529 2017 642 2086 quidem
652 2023 861 2086 praegnantem.

456 2117 459 2122 “
512 2119 585 2176 Bene
602 2119 746 2191 precandi.

274 2217 321 2258 ete.
341 2205 725 2261 Beueettibietillivertut:
757 2205 824 2270 tibi,
844 2205 1030 2276 quodpetore

221 2273 279 2335 illi,
299 2276 373 2341 quod
382 2283 471 2329 muter
481 2277 576 2329 future
584 2280 630 2329 sit.
658 2276 831 2329 AdsitDeus.
867 2277 904 2328 Ut
913 2280 1048 2348 utrique,

221 2348 345 2396 vestrum
357 2345 481 2399 faustum
492 2345 614 2414 felixque
625 2347 675 2408 sit,
689 2359 786 2412 precor
796 2351 927 2414 optoque.
937 2347 1031 2410 Quae·
1044 2409 1047 2414 ,

212 2424 271 2473 so,
290 2425 340 2464 oro
351 2429 467 2480 superos
476 2416 596 2478 omneis,
624 2421 656 2467 ut
666 2414 815 2468 incolomis
826 2415 934 2481 prolem
944 2418 1032 2471 nobis

219 2477 332 2544 diguam
344 2484 449 2548 perlat,
471 2491 499 2537 et
516 2483 632 2550 puleluru
640 2490 669 2536 te
681 2483 768 2536 faeiat
778 2484 859 2552 prole
871 2493 1032 2552 parentem.

216 2545 315 2599 Laudo
325 2554 367 2612 te,
377 2553 451 2618 quod
462 2554 549 2604 uirum
561 2558 589 2605 te
599 2554 778 2620 praestiteris.
806 2552 933 2616 Gaudeo,
945 2559 976 2609 te
989 2559 1031 2609 ri·

217 2629 279 2666 rum
291 2623 475 2683 praestitisse.
505 2620 616 2672 Gallum
628 2627 657 2673 te
668 2638 729 2674 esse
741 2621 906 2684 declarasti,
927 2629 959 2674 et
971 2641 1031 2678 non

218 2684 347 2754 Cybeles.
374 2689 446 2752 Abi,
459 2689 546 2740 uirum
558 2694 587 2740 te
596 2691 696 2742 iudico.
709 2706 756 2742 on.
767 2691 868 2755 Ludis3
887 2691 975 2758 idque
986 2695 1031 2746 fu-

216 2754 256 2806 eis
268 2757 317 2809 tuo
328 2771 415 2812 more.
430 2759 489 2824 Age
500 2771 567 2824 ege,
584 2764 627 2811 est
638 2761 687 2812 tibi
696 2759 740 2812 ius
749 2760 824 2828 apud
834 2775 879 2814 me
889 2761 1029 2829 loquendi
