2126 3188
66 185 117 278 J
168 201 249 256 ess
392 188 395 194 '
458 199 728 258 reuersus..

199 311 304 366 meter,
322 301 488 366 relobhoc,
507 303 582 371 quod
597 303 743 356 materiam
753 307 860 356 tractet
870 301 1001 356 mollissi·

198 390 272 426 mam
285 379 314 427 et
325 375 353 424 in
364 373 460 425 omnia
467 386 624 439 sequacem.
651 386 695 425 ss.
717 372 753 423 Ut
763 373 860 436 video,
880 389 938 425 nun
949 381 1004 426 tarn

197 443 291 496 facilis
302 446 346 496 est
356 457 402 494 res
413 443 570 510 peperisse,
588 455 670 506 quum
681 441 781 508 vulgus
792 443 948 494 existimat.
959 457 1003 494 su.

199 511 232 565 si
242 511 312 564 mihi
326 527 422 578 perum
434 511 518 562 habes
530 509 608 571 fidei,
627 525 661 561 en
674 511 727 563 tibi
742 510 846 562 Paulus
859 519 960 578 aperte
972 511 1005 563 de

198 583 320 635 muliere
330 581 457 646 loquens:
482 578 580 642 doira,
598 578 704 646 inquit,
724 579 779 649 fiet
797 591 849 648 per
859 581 1006 634 liberorum

195 651 402 722 generationem
410 649 444 710 *).
481 661 527 698 rs.
545 646 628 700 Salva
644 655 686 702 est
698 649 785 716 igitur
797 666 869 717 quoe
880 649 1006 718 peperit‘l
1053 695 1056 700 .

197 735 246 784 su,
268 719 465 786 Nequaquam
488 717 537 770 sed
550 717 643 781 addit,
663 719 688 770 si
699 719 783 770 liberi
800 720 1006 786 permanserint

195 793 225 842 in
246 788 309 839 fide.
345 786 475 852 Nondum
497 787 643 838 absolvisti
660 789 803 856 genitricis
819 805 934 850 munus,
953 787 1007 839 nisi

196 860 317 926 primum
328 863 454 910 tenerum
466 857 663 923 corpusculum
675 858 741 920 lilii,
752 870 818 910 mor
831 859 955 910 animum
966 871 1007 908 ae·
1055 917 1056 922 η

197 944 251 997 que
261 927 375 981 mollem
386 931 468 979 recta
478 927 643 996 educntione
656 926 779 980 finxeris.
791 927 925 994 numqui
935 928 1006 977 istuc
1054 927 1057 994 ἶ

198 999 336 1050 matribus
347 999 375 1048 in
386 1011 470 1048 manu
481 1003 606 1059 nonest,
617 1002 649 1048 ut
659 996 709 1047 lilii
721 1004 903 1062 perseverent
913 997 941 1046 in
952 995 1006 1062 pie·

198 1074 268 1118 tate.
283 1081 333 1120 su.
342 1066 505 1129 Fortassisp
516 1067 565 1118 sed
576 1072 683 1118 tautum
695 1064 780 1118 hebet
789 1066 925 1116 momenti
938 1065 1005 1132 rigi·
1051 1065 1057 1118 ς’

198 1137 259 1188 laus
271 1135 440 1198 admonitio,
458 1141 490 1186 ut
500 1134 605 1186 Paulus
618 1135 761 1188 existimet
773 1135 910 1186 matribus
922 1137 1004 1200 impu·

199 1205 330 1266 tandum,
351 1204 375 1256 si
386 1203 468 1255 liberi
480 1204 652 1274 degenerent
662 1220 679 1256 a
690 1205 742 1272 piis
753 1205 886 1256 muribus.
923 1203 1003 1255 Deni-

200 1289 268 1342 que,
287 1276 310 1324 si
322 1273 498 1340 praestiteris
508 1275 583 1342 quod
596 1275 664 1326 inte
675 1275 760 1325 situm
771 1279 828 1336 est,
839 1273 917 1324 Deus
928 1287 1005 1340 opem
1056 1301 1057 1336 r

200 1343 437 1413 suamcouiunget
446 1359 507 1395 eum
518 1351 568 1396 tua
581 1343 739 1410 diligentia.
751 1358 796 1394 rs.
805 1341 875 1394 Mihi
888 1344 1005 1410 quidem.

200 1414 366 1482 Eutrapele,
384 1420 432 1468 tua
443 1414 585 1482 persuasit
596 1413 697 1476 oratio,
717 1413 742 1464 si
763 1427 848 1479 queas
858 1412 933 1465 idem
945 1425 1005 1478 per·
1052 1423 1053 1427 ¹

200 1482 319 1537 sundere
332 1486 493 1552 perentibus
504 1483 657 1546 etmerito,
682 1497 729 1536 su.
750 1481 927 1548 istucadme
938 1480 1007 1540 reci·
1051 1518 1057 1547 ,

199 1555 260 1620 pio,
279 1553 362 1602 modo
373 1560 403 1602 tu
412 1567 456 1602 me
466 1559 517 1602 tuo
528 1554 608 1604 iures
620 1551 764 1620 suffragio.
802 1566 848 1602 rs.
859 1549 1008 1604 Polliceor.
1049 1571 1052 1580 ’

198 1637 247 1676 su.
259 1621 314 1673 Sed
325 1621 428 1673 licetne
438 1619 534 1672 ridere
545 1620 687 1688 puellum!
717 1635 762 1671 ra.
784 1619 866 1672 Licet
876 1620 1007 1672 maxime.

74 1747 80 1752 ,
198 1691 278 1744 Heus
290 1687 418 1760 Syrisce,
438 1705 509 1741 roco
520 1692 657 1741 nutricem
669 1705 725 1741 una
740 1705 801 1740 cum
813 1689 930 1741 infante.
962 1702 1008 1740 Eu.

160 1785 181 1822 ,-
200 1760 293 1812 Scitus
303 1759 453 1811 admodum
464 1773 541 1824 puer.
571 1757 664 1826 Vulgo
678 1759 780 1810 dieitur
789 1761 899 1810 veniam
912 1755 1009 1810 deberi
1056 1805 1057 1814 ,

199 1831 319 1897 primum
340 1828 507 1894 experienti.
529 1828 565 1880 st
580 1834 611 1880 tu
627 1828 715 1894 prinrn
730 1829 823 1878 statim
836 1828 1009 1894 experientia
1056 1863 1057 1884 ,

162 1927 163 1932 =
200 1911 335 1950 summum
348 1897 417 1948 artis
429 1897 601 1964 expressisti.
617 1912 663 1950 rs.
671 1897 782 1948 Nonest
790 1897 930 1963 sculptilis
941 1897 1009 1946 ima·

199 1981 245 2036 go,
251 1972 283 2020 ut
290 1973 354 2020 arte
362 1967 400 2018 sit
406 1979 485 2033 opus.
495 1966 667 2030 uu.Verunr;
678 1965 817 2020 sediusile
825 1965 950 2034 sigillum
958 1965 1009 2016 est.¹

199 2035 344 2108 Utcunque
354 2052 399 2090 res
410 2036 508 2100 habet,
527 2036 688 2089 felicissime
699 2034 814 2088 cecidit:
827 2037 936 2086 utinam
947 2030 1008 2102 pari

198 2108 338 2164 felicitate
352 2108 453 2160 caelent
463 2107 609 2176 imagines,
622 2121 690 2173 quas
701 2105 807 2158 intexis
819 2105 935 2156 aulaeis.
965 2117 1007 2152 ss.

199 2182 236 2233 At
246 2185 277 2230 tu
289 2183 388 2231 contre
399 2176 508 2229 felicius
519 2177 624 2245 pingis,
637 2190 717 2242 quam
729 2175 828 2242 gignis.
852 2189 899 2226 uu.
911 2171 960 2224 Sic
970 2171 1009 2221 ri·

198 2262 260 2299 sum
271 2253 443 2300 estnuturae
455 2261 515 2298 cum
524 2245 652 2297 omnibus
665 2245 745 2312 paria
753 2245 853 2296 lacere.
867 2245 1010 2308 Quoruso·
1055 2275 1057 2282 .

198 2317 327 2368 licitaest
335 2315 559 2382 natura,nequid
567 2313 900 2382 pereatlDuoshomines
911 2314 941 2363 in
954 2321 1009 2361 uno

198 2387 433 2452 repraesentavit:
445 2399 527 2438 nasus
541 2391 569 2437 et
580 2383 654 2436 oculi
667 2389 774 2450 patrem
787 2379 1010 2443 reseruntirons

200 2469 234 2506 ec
255 2447 518 2508 mentummatrem
539 2455 705 2522 exprimunt.
742 2455 823 2505 Anto
843 2465 944 2518 posses
960 2448 1012 2499 hoe

104 2540 111 2548 ·
200 2530 261 2576 tam
272 2539 365 2576 earum
377 2525 476 2592 pignus
489 2525 598 2577 alienae
611 2523 674 2575 lidei
687 2521 869 2575 concrederet
880 2517 958 2570 Mihi
967 2517 1012 2570 bis

201 2594 328 2648 crudeles
349 2593 481 2646 videntur
501 2609 575 2656 esse,
597 2609 666 2660 quae
687 2594 717 2644 id
738 2592 830 2655 iecere
851 2589 1011 2649 sustinent3
1055 2623 1057 2644 ,

86 2695 117 2714 .·
201 2661 423 2734 quandoquidem
444 2676 500 2713 non
516 2664 606 2715 solum
624 2662 732 2716 iaciunt
740 2661 769 2713 id
780 2659 910 2731 inieritis,
929 2670 1014 2726 quem
1055 2645 1057 2716 ἶ

229 2753 247 2795 ·)
262 2744 413 2790 VerbsPauli
423 2749 517 2806 ext-tunt
525 2745 551 2791 lu
561 2752 581 2792 1.
592 2747 666 2804 Epist.
676 2748 705 2794 ed
713 2744 814 2790 Timuit.
823 2743 879 2802 Cup.
890 2747 912 2786 2.
921 2758 946 2787 v.
957 2735 1002 2786 15.
1052 2739 1057 2810 l

1002 2813 1057 3158 l
