2132 3196
52 291 221 350 scommata,
241 285 372 350 facetias,
388 287 512 354 lepores,
530 287 650 343 ridicula
660 286 752 340 onmia
761 295 855 342 tecum
958 309 963 316 ·
988 305 995 312 ·

56 128 62 148 ⁸
200 179 446 236 coNVIVIUM
469 182 714 258 oaorsuuu.
819 184 853 252 ,⁷1

52 357 192 410 adducito.
210 369 275 408 suo.
286 357 330 408 lta
340 355 409 408 fist(
419 356 637 424 Exporrigemus
648 351 782 408 frontem.
793 356 857 409 Bel.

7 425 9 464 3
52 421 90 480 io's
96 425 288 477 homunculos
301 439 424 492 agemus.
445 423 607 483 Ridebimus
617 423 733 483 affatim.
746 428 859 484 Curubi-

7 517 10 522 ·
53 502 226 550 muscutem.
254 495 465 562 Indulgebimus
495 497 567 548 snio.
593 492 858 549 Geniaiitercocua-

9 2103 10 2144 t
74 2093 122 2146 'es
157 2105 224 2146 suo.
245 2090 328 2144 Parui
345 2092 448 2155 refert,
469 2107 503 2144 an
518 2097 583 2164 post
593 2093 718 2160 quintam
729 2091 862 2156 venerim,
921 2087 928 2097 '

9 2159 11 2222 ξ
56 2175 106 2214 uec
116 2176 168 2226 nc,
183 2159 314 2216 modone
327 2168 525 2230 postcocuam.
547 2160 619 2214 Nam
630 2166 694 2227 post
704 2159 809 2216 testum
819 2174 864 2211 ca.

9 2227 13 2294 i

53 566 149 625 bimus.
170 567 460 632 Epicureosagemos.
504 580 589 622 ouant
598 565 704 618 ruitum
716 564 859 631 faciemus,
912 587 917 595 *

54 640 82 686 et
91 635 196 687 erimus
208 633 276 685 boni
287 635 372 698 socii;
401 633 604 700 inelegantius}
616 633 776 702 elegantiae
785 643 861 701 sunt,

54 705 188 772 quisuam
202 703 307 755 habent
317 704 440 773 linguam
456 705 509 758 sibi
521 699 713 772 peculiarem*
736 717 782 756 cu.
798 706 860 767 Quo
959 718 963 724 “

53 789 125 824 nunc
137 773 291 840 properas!
310 789 377 826 nuo.
397 773 439 826 sd
451 787 585 842 generum
597 789 699 830 meum.
721 787 767 836 cu„
787 773 862 836 Quid

54 839 138 894 iiiuc‘i
160 841 227 908 quid
239 841 289 895 eoi
311 842 456 911 quidillot
482 859 548 896 suo.
569 843 673 906 Audio,
691 843 862 910 nescioquid

56 911 151 964 turbae
167 912 244 962 inter
259 928 307 964 cos
320 919 430 977 natum,
451 919 484 968 ut
495 913 621 980 redigam
632 915 721 968 cosin
732 914 862 980 gratiam,

52 984 82 1032 ut
93 980 225 1033 reducam
238 980 264 1030 in
277 981 470 1046 concordiam,
490 989 522 1036 ut
533 998 630 1050 pacem
640 984 718 1036 inter
729 998 777 1044 eos
789 998 862 1044 com·

53 1062 166 1121 ponam.
185 1049 237 1100 cir.
247 1049 375 1118 Benigno
385 1051 468 1112 facis,
491 1067 657 1120 quamquam
668 1051 741 1102 nihii
752 1057 780 1104 tc
793 1067 863 1119 opus
962 1047 969 1054 ’

54 1135 113 1172 csse
125 1120 263 1170 arbitror.
281 1121 368 1172 ‘Nam
383 1121 440 1188 ipsi
454 1119 569 1173 interce
585 1123 684 1174 meiius
694 1121 748 1174 hoo
758 1123 863 1177 bellun

54 1188 271 1256 composuerint.
281 1189 487 1242 ruo.Fortassis
500 1197 529 1242 et
539 1190 665 1242 induciae
678 1191 863 1252 iamindictac

54 1263 134 1321 sunt3
156 1264 242 1308 noctu
260 1259 295 1310 de
307 1259 384 1326 pacis
396 1259 504 1328 legibus
516 1267 624 1328 agetur.
661 1258 717 1312 Sed
727 1262 863 1328 numquid

54 1341 97 1378 me
109 1325 190 1377 aliud
200 1325 262 1379 cisi
273 1343 320 1380 crs.
330 1329 444 1384 Vocalio
457 1335 485 1381 te
497 1343 547 1395 per
557 1344 674 1397 puerum
683 1345 784 1384 mcum.
796 1346 862 1384 aua.

55 1393 210 1458 Ubirolcs,
232 1395 375 1449 d‘omiero.
411 1398 570 1452 Benenate.
596 1413 643 1450 crs.
664 1398 862 1452 Bcnesittibi.
925 1401 929 1410 “

55 1465 109 1518 Fac
119 1463 168 1518 hic
180 1463 216 1516 ad
227 1469 350 1533 quintam
363 1466 459 1522 horam
471 1467 555 1520 adsis.
575 1465 654 1518 Heus
665 1465 762 1531 Petro,
772 1473 874 1521 aecer-⁸

56 1549 84 1586 se
95 1533 130 1586 ad
142 1549 261 1586 coenam
272 1538 458 1606 Augustiuum
465 1573 474 1601 ,
496 1537 543 1604 qui
553 1535 623 1588 mihi
634 1535 732 1599 hodic,
753 1543 785 1586 ut
800 1536 865 1602 scisj

56 1619 170 1656 coenam
184 1605 318 1656 condixit.
336 1622 380 1662 eu.
399 1607 451 1661 Eo.
472 1605 565 1669 Salve,
577 1609 669 1676 pocta.
693 1607 787 1658 Coena
797 1607 863 1660 iam·

56 1672 159 1729 dudum
172 1679 271 1740 parata
283 1681 340 1742 est;
363 1682 391 1728 te
402 1674 487 1732 horus
499 1681 644 1745 exspectat
656 1675 747 1739 domi;
758 1677 806 1727 ubi
817 1690 865 1728 ro·

55 1741 238 1795 lesacccdas.
266 1759 330 1796 nuo.
341 1743 441 1799 Venio.
462 1745 558 1809 Salvo,
577 1745 616 1798 mi
629 1744 797 1798 Christiane.
816 1759 864 1796 om

54 1809 130 1866 Beue
141 1812 268 1876 factum,
291 1815 365 1882 quod
382 1815 494 1872 venisti.
530 1815 647 1872 Gaudeo
662 1820 691 1867 tc
708 1814 865 1876 aduenisse,

56 1881 192 1935 Gratulor
201 1879 279 1946 mihi,
292 1884 367 1951 quod
378 1885 486 1936 venisti.
507 1884 638 1937 Nondum
650 1883 748 1952 quinta
756 1884 863 1948 sonuit,

55 1951 146 2004 credo·
166 1967 212 2004 rs.
232 1954 291 2004 lmo
302 1953 462 2008 iamdudum
474 1954 629 2022 praeterita
638 1961 691 2006 cst·
710 1953 793 2006 Haud
804 1954 863 2006 lou·
907 1996 910 2005 .

74 2025 183 2075 cscxta
195 2021 285 2074 abest.
312 2022 403 2075 instat
416 2022 485 2076 hora
495 2030 585 2082 scuta.
617 2024 684 2074 Mox
695 2029 803 2078 sertam
815 2039 862 2076 au·

57 2229 131 2294 nire,
149 2229 284 2282 miserum
298 2237 350 2283 est.
387 2232 565 2312 Atquorsum
583 2235 679 2285 tantus
689 2225 864 2296 apparatust

59 2299 200 2361 Quorsum
216 2305 260 2352 tot
277 2300 394 2368 cpulaet
429 2301 502 2354 icum
523 2314 567 2354 me
582 2297 679 2364 lupum
694 2296 863 2356 existimas!

60 2367 131 2425 Num
152 2368 209 2421 tibi
223 2369 305 2438 lupus
320 2369 435 2423 videort
471 2369 544 2424 Num
555 2383 599 2422 mc
609 2367 747 2429 vulturem
758 2367 864 2436 putas!

57 2451 105 2489 os.
120 2436 184 2490 Non
196 2438 355 2503 vulturem,
374 2439 424 2494 sed
434 2445 528 2494 tamon
540 2453 591 2495 nec
602 2435 737 2502 cicadam,
758 2445 788 2491 ut
798 2452 864 2492 roro

57 2507 142 2561 viras.
177 2507 255 2569 mnu
266 2518 310 2569 ost
321 2509 413 2564 luxus.
442 2505 866 2576 Munditicsmihiscmpcrpla·

57 2573 132 2640 cuit,
154 2577 252 2630 sordes
263 2579 398 2631 detestor.
417 2577 476 2631 Nec
487 2578 597 2647 Apitius
606 2577 674 2631 mihi
684 2579 793 2646 placet,
812 2591 865 2631 nec

57 2641 209 2717 Diogenes.
229 2647 362 2703 Praestat
373 2647 478 2716 aliquid
487 2663 649 2714 superesse,
664 2664 747 2716 quam
758 2647 864 2700 deesse.

57 2711 87 2770 st
99 2723 215 2786 praetor
225 2717 381 2778 cicoruihil
392 2725 588 2792 apponeretur,
609 2715 864 2788 etfuligofortsil·
916 2745 920 2750 -
