2126 3188
203 187 256 244 ,ω
475 173 738 236 enarrans.

203 290 324 351 animae,
345 285 429 340 rideo
447 285 553 339 multos
569 278 695 363 homines
704 282 855 337 admodum
864 285 947 340 varie
957 287 1010 340 cnl-

202 369 257 412 tos.
287 369 336 410 su.
355 355 402 410 Sic
417 361 469 410 est.
501 359 538 408 Et
548 365 643 408 tamen
653 353 786 405 nonnulla
797 369 864 420 pars
876 354 963 408 huius
973 357 1011 408 rei

160 484 168 494 ,
203 429 259 482 sita
275 431 319 478 ast
339 426 369 476 in
389 427 485 488 nobis,
504 440 587 491 quam
603 422 746 476 commode
757 425 900 476 vestiatur
912 428 1010 477 anima.

203 511 250 548 ri.
261 494 363 548 Valeat
371 496 459 564 igitur
470 495 568 546 vestis:
581 493 625 545 dic
637 491 741 560 aliquid
752 493 787 545 dc
799 493 954 546 domicilio.
967 509 1011 546 nu.

203 565 289 633 Atqui
298 579 347 627 nc,
367 563 528 632 quoddico,
540 561 948 627 tibirideaturcomnrentum‚
964 563 1012 614 Fa·
1050 607 1051 612 ,

203 635 291 696 bulla,
312 634 374 700 ipse
386 633 516 685 dominus
528 634 604 685 lesus
615 647 695 683 suum
707 645 808 698 corpus
819 633 956 698 templum
969 648 1012 699 ap·
1050 631 1051 636 ’

225 703 306 756 ellat:
328 709 357 754 et
366 701 467 755 Petrus
484 702 627 768 apostolus
643 717 724 752 suum
737 716 839 767 corpus
850 704 1014 756 tabernacu-
1048 711 1051 724 ⁴

203 719 262 825 funi
283 771 416 839 appellat.
453 770 511 822 Nec
523 771 688 833 defuerunt,
709 775 755 837 qui
768 785 870 836 corpus
883 771 1014 822 dixerunt

205 845 315 896 animae
335 841 507 908 sepulcrum,
528 841 603 904 σῶμα
624 840 727 890 dictum
750 841 924 892 arbitrantes
936 839 1013 906 quasi
1049 879 1051 904 ,

206 914 294 977 σῆμαε
314 911 365 962 alii
386 923 525 963 carcerem
545 907 646 959 mentis
669 907 862 974 appellarunt,
888 908 1012 962 nonnulli
1049 917 1051 978 J

204 979 376 1046 praesidium
386 981 424 1044 *),
447 980 627 1032 velutarcern
638 977 783 1029 munitam.
816 978 1011 1040 Quorumani·
1048 995 1051 1004 ·

205 1063 268 1100 mus
279 1057 324 1102 est
334 1050 513 1118 undiquaque
523 1062 623 1114 purus,
641 1048 670 1097 in
686 1047 790 1112 templo
803 1046 923 1099 habitat.
959 1045 1011 1112 Qui
1050 1059 1051 1108 j

206 1132 261 1168 non
292 1124 423 1170 torrentur
448 1131 543 1169 amore
565 1131 660 1169 rerum
679 1115 884 1184 corporalium,
914 1116 1009 1169 horum

206 1187 314 1238 animus
335 1186 395 1254 agit
414 1186 444 1237 in
466 1181 670 1247 tabernaculo,
698 1186 819 1238 libenter
840 1187 1009 1246 exsiliturus,

206 1255 231 1306 si
252 1259 335 1308 vocet
358 1255 519 1322 imperator.
567 1255 623 1318 Qui
645 1269 759 1322 prorsus
785 1257 933 1308 excaecati
952 1259 1011 1308 sunt

205 1323 283 1375 vitiis
316 1325 521 1392 spurcissimis,
562 1331 595 1375 ut
630 1339 687 1376 nun
706 1323 771 1376 uam
802 1321 1011 1391 adspirentad

206 1407 304 1448 auram
320 1395 462 1448 libertatis
472 1393 673 1463 'evangelicac‚
724 1409 803 1446 orum
814 1395 927 1446 animus
942 1395 1011 1446 iacet

205 1462 236 1516 in
257 1465 394 1533 sepulcro.
431 1466 573 1527 ceterum,
594 1467 640 1531 qui
662 1465 940 1516 moleste·luctantur
954 1477 1012 1516 curn

205 1534 298 1597 vitiis,
319 1549 371 1587 nec
392 1534 483 1586 adhuc
494 1539 611 1601 possunt
627 1533 824 1600 quodvolunt‚
848 1532 948 1590 horum
958 1535 1012 1586 ani·
1050 1557 1051 1564 1

206 1615 268 1654 mus
279 1601 428 1653 habitatin
439 1618 559 1666 carcere,
573 1601 691 1655 subinde
703 1603 826 1655 clamans
837 1603 873 1654 ad
884 1604 1012 1656 liberato·

205 1684 266 1724 rem
284 1671 424 1734 omnium,
455 1671 534 1724 Educ
550 1672 586 1723 dc
598 1685 710 1725 carcere
721 1674 844 1725 animam
857 1688 964 1737 meam,
983 1677 1012 1723 ut
1028 1671 1031 1676 ’

207 1740 374 1793 confiteatur
384 1740 490 1792 nomini
502 1747 551 1792 tuo
558 1776 567 1803 ,
580 1740 691 1793 domine
701 1742 747 1804 **).
765 1741 819 1803 oui
831 1745 958 1808 graviter
969 1756 1011 1809 pu·

158 1816 162 1822 ·
206 1814 293 1876 gnant
309 1823 371 1860 cum
392 1815 506 1874 satana,
526 1811 676 1879 vigilantes
695 1815 723 1861 et
736 1813 907 1864 excubantes
916 1811 1011 1864 adver·
1046 1783 1050 1880 i

206 1890 254 1928 sus
275 1877 393 1928 insidias
412 1877 505 1940 illius,
531 1881 577 1946 qui
600 1879 740 1941 circumit,
760 1882 856 1932 utleo
878 1895 1010 1947 quaerens
1047 1907 1049 1928 i

208 1959 289 2012 quem
301 1943 429 2010 dcroret,
449 1943 550 2000 horum
561 1950 670 2000 animus
681 1955 808 2000 versatur
823 1952 851 1999 in
865 1951 1011 2018 pracsidio,

206 2013 281 2068 unde
291 2015 398 2067 iniussu
408 2016 588 2082 imperatoris
598 2032 653 2068 non
663 2019 733 2070 licet
743 2018 895 2071 discedere.
924 2034 971 2072 ra.
985 2017 1010 2070 Si
1048 2063 1049 2078 ,

208 2099 309 2152 corpus
320 2090 363 2138 est
374 2085 460 2138 animi
471 2086 659 2148 domicilium,
681 2087 818 2153 plurimos
832 2088 929 2151 viduo,
951 2102 1013 2156 quo·
1048 2091 1049 2104 ¹

206 2167 269 2207 rum
278 2155 388 2207 unimus
398 2154 471 2208 male
483 2156 600 2208 habitet.
611 2156 714 2208 susle
725 2161 777 2218 cst,
789 2157 922 2210 videlicet
932 2160 961 2210 in
972 2173 1013 2211 ae·

207 2225 289 2276 dibus
299 2224 538 2292 perstillantibus,
560 2225 668 2292 opacis,
685 2226 777 2278 ventis
789 2228 921 2279 omnibus
932 2228 1013 2281 obno·
1031 2223 1048 2258 'l

206 2293 285 2354 xiis,
297 2294 431 2358 fumosis,
451 2294 609 2362 pituitosis,
630 2293 744 2356 laceris,
764 2309 797 2348 ac
811 2296 950 2360 ruinosis,
969 2297 1012 2349 dc·
1046 2329 1048 2350 l

206 2361 290 2426 nique
311 2363 441 2428 putribus
457 2371 485 2417 ct
501 2363 623 2416 iniectis.
658 2367 695 2418 lit
705 2369 800 2416 tamen
811 2366 881 2417 Cato
897 2368 1012 2432 primam
1047 2369 1048 2384 ¹

207 2427 353 2484 felicitatis
365 2439 474 2499 partam
485 2433 608 2500 iudicat,
629 2433 699 2488 benc
711 2433 848 2486 habitare.
867 2449 914 2486 ra·
931 2435 1011 2489 Tole-

235 2503 254 2557 ¹)
266 2503 304 2550 Sic
314 2506 422 2552 Socrates
432 2512 800 2569 apudl’latonenrinquitaninmm
809 2511 929 2554 lrrrnranarn
939 2512 963 2553 in
971 2509 1012 2554 hoe

207 2570 302 2616 corpore
312 2563 376 2607 velut
384 2565 409 2608 ia
417 2569 533 2622 praesidio
542 2569 643 2624 positam
651 2580 716 2618 erre,
730 2568 791 2612 unde
800 2567 838 2610 ina
846 2580 892 2608 non
902 2567 933 2609 uit
942 2567 1012 2610 diser-

207 2614 261 2659 dnro
271 2617 359 2660 iniussu
369 2620 525 2674 imperatoris,
542 2637 586 2670 nec
595 2624 680 2668 diutior
690 2623 715 2672 in
728 2637 755 2668 eo
763 2621 890 2671 immorari,
906 2635 973 2678 qum
980 2623 1013 2666 vi·

207 2682 258 2716 num
268 2673 299 2714 sit
309 2674 338 2722 ei,
354 2677 391 2726 qui
397 2677 525 2726 collocavit.
1000 2729 1002 2734 .

215 2760 219 2768 ,
236 2725 267 2780 ·’)
283 2725 369 2774 Exstat
377 2728 441 2773 lorus
449 2733 534 2778 l’nalur.
544 2736 591 2784 1¹8.
600 2739 621 2780 8·
677 2717 682 2724 κ
