2160 3192
160 107 162 125 '
203 133 256 186 200
459 85 754 189 sennensium,

202 249 249 292 so.
264 230 348 282 Prius
359 241 442 295 quam
452 216 549 297 iiosset
560 246 590 282 se
600 230 749 283 liberere-c
760 235 863 296 magns
881 224 960 294 nari,
980 229 1015 282 il·

202 299 652 353 liusvacillationesubuersaest.
686 313 731 352 in.
750 299 774 349 0
794 299 902 350 factum
923 300 1012 353 male!
1072 329 1074 364 2

186 408 190 414 .
202 369 275 430 Quid
286 367 361 420 turni
382 385 428 421 sn.
447 370 518 437 Ego,
530 369 667 420 dumellis
680 367 804 430 consulo,
817 385 906 435 paens
917 371 1014 435 perie-
1072 369 1074 422 i

202 439 272 490 ram.
318 453 362 490 sn.
386 440 448 501 Quo
471 439 572 506 pectol
613 454 659 491 su.
679 439 753 501 Quia
774 436 844 489 nihil
862 445 1013 504 supererat

202 507 1015 644 ti‘iiittltlnni¹ltitl¹32i²iitttll⁸3¹,¹ntt
1070 549 1074 636 ἱ

203 647 402 700 candelabrum
415 639 539 699 aureum.
563 646 820 714 'circumspicienti
834 645 948 712 tandem
968 660 1016 700 vc·

204 717 248 767 nit
259 718 289 767 in
300 722 419 768 mentem
432 717 466 770 dc
476 717 533 767 ima
543 717 611 768 moli
622 723 715 783 parte:
738 731 800 766 eam
816 718 950 782 quonium
972 731 1017 768 so·
1073 759 1074 762 ,

204 785 250 836 lus
261 787 384 838 eximere
396 801 451 837 non
461 792 600 853 peterem,
612 787 738 837 adscisco
750 785 869 836 socium:
883 785 949 837 lmic
959 799 1017 847 am·
1073 783 1074 786 ’

204 852 241 906 bo
253 855 339 916 innixi
352 856 550 908 committimus
564 871 614 910 uos
625 855 709 922 meri,
720 857 761 905 sic
772 862 806 905 ut
816 869 870 922 ego
882 849 1014 906 deutrum
1072 885 1074 890 ,

206 939 293 976 cornu
305 925 497 987 teneremille
507 925 626 990 laetum.
637 924 710 975 Dum
721 927 761 975 sic
773 923 1015 986 iactaniunsucri·

205 995 275 1050 fleus
301 994 351 1046 ille
375 995 558 1046 concionator
574 995 712 1056 nauticus,
734 994 857 1043 medium
868 995 1014 1046 iniecitse

203 1065 232 1116 in
255 1062 385 1114 humeros
406 1069 527 1114 nostros.
563 1065 632 1114 Erat
650 1068 744 1112 autem
754 1063 863 1129 ingenti
883 1077 1012 1130 corpore.

203 1131 412 1184 Exclamsmus:
426 1131 487 1198 quis
499 1132 655 1190 illetertius
664 1131 675 1181 l
685 1132 711 1181 ls
723 1132 823 1197 perdet
834 1146 884 1182 nos
894 1137 1012 1186 omneis.

202 1199 487 1265 lllecontraplucide:
499 1201 683 1267 Sitis,inquit‚
692 1201 767 1252 bono
780 1203 886 1265 anim03
897 1209 1014 1268 satspa-
1073 1199 1074 1202 ’

131 1269 142 1290 ²
203 1270 239 1322 tii
250 1268 382 1331 est,Deus
393 1269 484 1323 ederit
494 1271 584 1322 nobis.
594 1286 640 1322 in.
651 1271 706 1320 Cur
715 1271 764 1322 ille
776 1277 833 1321 tum
841 1286 904 1322 sero
917 1273 1012 1338 coepit

204 1355 265 1392 esse
276 1339 406 1392 natatorl
416 1355 462 1394 in.
474 1341 532 1394 lmo
544 1339 655 1392 futurus
666 1339 760 1393 eratin
766 1341 936 1407 s‘caphnmnu
947 1356 1011 1392 cum
1073 1343 1074 1348 ’

202 1409 402 1462 Dominicano:
414 1425 577 1462 nomomnes
590 1408 643 1461 hoc
654 1409 768 1460 honoris
778 1410 1010 1476 illidelenebent3

144 1513 147 1520 ι
203 1479 251 1532 sed
264 1494 428 1546 quamquam
441 1487 521 1530 enant
531 1479 649 1529 invicem
658 1479 780 1532 confessi
791 1481 820 1530 in
833 1480 1010 1541 novi,tumeu

119 1581 125 1590 ι
203 1549 284 1601 obliti
294 1551 387 1600 nescio
409 1547 476 1614 quid
497 1548 776 1610 circumstantiarum,
799 1564 894 1600 rursus
916 1551 958 1601 ibi
979 1551 1009 1601 in
1073 1587 1074 1590 ,

203 1633 253 1680 ora
264 1616 341 1668 navis
353 1618 528 1680 confitentur,
540 1623 569 1668 et
580 1616 745 1671 alter-alteri
759 1633 867 1670 manum
875 1621 1009 1686 imponit3

201 1685 528 1752 interimsoaphaperit:
549 1701 613 1740 uam
625 1686 774 1740 haecmihi
794 1690 919 1740 narravit
936 1689 1010 1745 Ada-

134 1781 144 1790 -
200 1771 272 1808 mus.
309 1772 353 1810 nn.
372 1755 550 1818 Quidactum
572 1750 615 1808 es't
637 1757 888 1810 dellominicanol
906 1775 953 1811 nn.
972 1761 1009 1822 Is,

201 1831 233 1876 ut
242 1825 317 1876 idem
329 1824 476 1890 uomebat,
503 1826 654 1893 implorata
666 1827 793 1878 divorum
806 1843 872 1895 ope,
888 1828 1008 1879 abiectis

199 1893 337 1958 restibus,
358 1893 462 1946 nudum
473 1911 503 1946 se
522 1896 661 1948 commisit
681 1898 828 1949 nutationi.
865 1913 909 1950 irs.
930 1899 1008 1960 Quos

178 1994 181 2009 ‹
200 1963 456 2016 divosinvocabotl
473 1982 519 2017 sn.
532 1966 718 2029 Dominicum,
730 1967 876 2030 Thoinum,
887 1965 1009 2027 Vincen-

199 2032 282 2098 tium,
307 2036 439 2087 etnescio
451 2050 532 2101 quem
543 2035 668 2097 Petrum,
688 2037 737 2097 sed
748 2037 775 2086 in
788 2037 884 2102 primis
900 2037 1008 2089 fidebat

200 2103 369 2158 catharinae
381 2103 507 2158 Senensi.
544 2119 588 2157 nn.
607 2105 733 2156 Christus
748 2105 792 2156 illi
808 2121 862 2156 nou
875 2107 1018 2176 ueniebat-

198 2176 228 2224 in
239 2176 375 2228 montensi
387 2192 433 2228 no.
452 2176 495 2226 lte
505 2173 638 2226 narrabat
648 2175 801 2226 sacrificus.
817 2175 818 2178 ’
837 2190 883 2226 nn.
902 2177 1006 2228 Melius

199 2249 354 2306 enatasset,
370 2245 461 2296 sinon
472 2245 621 2297 obiecisset
630 2259 735 2294 sacrem
748 2243 897 2297 cucullam:
914 2262 949 2298 ea
960 2249 1005 2299 de·

169 2345 172 2350 -
198 2311 308 2379 posita,
326 2313 373 2377 qui
386 2315 479 2378 potuit
488 2314 567 2366 illum
580 2316 731 2380 agnoscere
742 2313 894 2366 Cutharinn
905 2315 1005 2368 Senen-

198 2379 257 2432 sisl
278 2378 332 2432 Sed
346 2395 430 2448 perge
441 2399 555 2436 narrare
566 2383 648 2442 dete.
685 2399 730 2436 sn.
748 2379 822 2435 Dum
839 2383 931 2436 adhuc
948 2387 1006 2438 vol·

196 2463 326 2501 veremur
335 2451 533 2514 instituerim,
555 2447 671 2504 arbitrio
682 2452 818 2504 fluctuum
828 2452 882 2505 lmc
898 2463 928 2506 et
938 2456 1005 2510 illuc

197 2533 228 2570 se
238 2518 408 2580 volventem,
420 2520 516 2572 clavus
526 2521 614 2572 illisus
625 2520 711 2587 fregit
721 2522 813 2574 lemur
823 2525 891 2587 eius,
902 2526 952 2592 qui
966 2533 1006 2578 te·

112 2627 123 2652 J
169 2637 173 2643 ,
199 2587 285 2640 nebat
296 2581 405 2641 laevum
418 2603 515 2641 cornu.
553 2590 658 2642 Sicilie
674 2591 802 2643 revulsus
819 2602 876 2657 est3
898 2597 1004 2646 sacriti-

198 2671 246 2710 cus
257 2662 386 2727 precatus
396 2656 439 2712 illi
449 2659 573 2730 requiem
582 2665 742 2732 aeternum,
761 2665 897 2720 successit
915 2665 946 2719 iu
963 2665 1012 2720 lo·'
