2126 3188
1057 155 1060 208 l

141 261 144 266 ,
214 211 289 287 322*
384 213 433 256 “-
480 227 749 285 ruaaraon.

213 336 290 389 mali.
325 331 441 386 iuterim
461 341 595 402 superant
612 335 933 400 etimminentTurcae,
953 329 1018 389 nihil

109 450 111 454 Α
212 421 268 458 non
279 403 456 474 populaturi,
468 405 493 456 si
504 404 670 458 successerit
681 404 757 474 quod
767 410 871 474 agnati
894 411 925 458 et
936 411 1017 460 turo·

212 491 278 545 gas,
295 474 362 543 quid
374 480 441 544 agat
450 473 565 544 potiusl
586 474 645 527 lmo
655 480 765 541 tempus
776 475 914 538 arbitror,
926 483 959 528 ut
970 491 1017 528 suo

213 559 322 614 quoque
332 559 420 614 regno
432 543 585 612 prospiciat
595 547 622 596 in
634 550 769 612 tempore.
804 561 851 597 ra.
874 547 959 608 Quod
975 547 1019 598 ho-

211 615 335 667 minibus
350 614 461 666 videtur
476 614 691 677 maximum,'id
702 613 824 667 fortasse
835 615 948 668 videtur
959 615 1018 669 Deo

212 683 318 737 n'ullius
329 683 471 737 momenti·
508 683 564 736 Sed
576 685 611 736 ab
622 683 675 737 hac
690 682 788 737 fabula
797 684 852 748 Dei
863 699 1019 752 personam,

212 756 235 806 si
248 757 303 817 ris,
325 753 511 806 secludamus.
547 752 602 807 Dic
622 769 694 823 quae
708 760 737 807 te
750 769 864 808 caussae
881 762 1019 818 moveant,
1059 753 1060 758 ’

211 832 244 878 ut
255 824 366 876 felicius
377 824 523 881 existimes,
531 825 675 896 peperisse
686 824 818 888 catulum,
840 841 926 898 qoam
939 826 1020 878 catel·
1058 859 1060 892 ;

212 897 279 948 lam.
315 909 364 947 no.
382 894 450 948 Piae
471 893 573 947 mentis
596 901 653 958 est,
673 893 727 947 hoc
736 895 862 948 iudicare
875 897 1020 964 optimum,
1058 911 1060 948 ε

187 1022 190 1028 ,
214 963 289 1035 quod
301 964 379 1018 dedit
388 965 467 1018 Dens
481 965 553 1017 citro
567 966 788 1018 controversiam
800 965 934 1032 optimus.
969 965 1020 1016 Ve·
1058 961 1060 992 ³

213 1050 276 1088 rum
288 1037 315 1087 si
325 1033 403 1089 Deus
414 1035 467 1087 tibi
479 1035 561 1089 daret
569 1036 700 1104 poculum
711 1035 920 1104 crystallinum,
932 1050 1020 1087 nonne

213 1107 350 1157 maximas
370 1120 469 1173 ageres
490 1105 615 1173 gratissi
642 1122 687 1159 rr.
702 1108 832 1174 ligerem.
851 1121 902 1158 au.
914 1105 1020 1166 Quasi
1058 1135 1060 1166 ,

212 1175 290 1226 idem
300 1173 381 1225 daret
392 1173 524 1227 vitreum:
545 1192 609 1229 num
623 1192 705 1247 pares
717 1191 815 1246 ageres
824 1174 845 1245 i⁸
857 1174 915 1228 Sed
926 1189 1020 1228 vereor

212 1258 248 1296 ne
259 1241 311 1294 tibi
322 1243 479 1296 molestiam
491 1244 617 1299 adferam
629 1262 681 1315 pro
693 1248 807 1311 solatio,
828 1245 901 1298 haec
912 1245 985 1313 apud
995 1251 1020 1296 te

213 1309 423 1382 philosophans.
446 1329 490 1367 su.
501 1315 788 1371 lmoFabullaenlhil
799 1317 911 1374 ostiam
923 1331 941 1365 a
951 1315 1021 1366 tabu·

70 1431 74 1435 .
106 1441 111 1446 ,
212 1385 249 1438 lis
260 1384 385 1452 periculi.
404 1385 461 1437 lam
474 1392 601 1452 quartam
613 1387 815 1439 hebdomadem
827 1385 974 1448 decumbo,
985 1399 1021 1451 sa·

213 1456 308 1522 tisque
325 1454 408 1508 stelen
425 1453 472 1508 vel
485 1454 641 1507 adluctam.
678 1468 727 1506 nu.
745 1452 1021 1521 Quinigiturenido

113 1562 117 1570 ·
214 1523 365 1594 provolasi
382 1539 426 1576 rs.
437 1523 536 1575 Vetuit
555 1539 615 1576 rex.
636 1539 683 1578 rso.
695 1525 751 1586 Qui
765 1522 832 1576 rexi
857 1537 900 1576 rs.
912 1523 1023 1590 Inroty·

142 1587 154 1602 ‘'
213 1608 329 1646 rannus.
351 1607 397 1644 nu.
409 1592 464 1654 Qui
474 1591 596 1659 quaesoi
606 1609 652 1646 rr.
660 1593 778 1662 Syllaba
789 1594 888 1656 dicam,
900 1608 969 1645 mos.
979 1606 1024 1644 no.
1058 1619 1060 1646 l

214 1665 280 1717 Heu
296 1673 384 1729 *quam
403 1664 457 1714 iste
477 1676 527 1714 rex
547 1663 638 1715 multa
657 1669 769 1730 praeter
789 1676 910 1729 aequum
926 1661 1023 1730 exigit!

217 1732 371 1800 Pergamus
392 1732 481 1800 igitur
494 1731 690 1804 philosophari
706 1733 741 1786 de
753 1731 892 1800 crystallo
905 1737 935 1784 et
945 1733 1023 1784 vitro.
1053 1789 1056 1792 ,

209 1814 263 1855 'rm
281 1805 404 1864 Marem,
423 1796 468 1853 uti
479 1803 612 1866 coniicio,
634 1803 983 1870 naturapraestantiorcm
995 1815 1024 1854 ao
1058 1797 1060 1828 '

214 1872 369 1924 firmiorem
379 1870 496 1937 iudicas,
507 1888 590 1941 quam
600 1869 759 1940 foeminum.
774 1887 822 1922 no.
835 1870 882 1922 Sic
894 1872 1023 1923 arbitror.
1053 1875 1060 1960 p*

214 1957 262 1994 nu.
275 1941 414 1994 Nimirum
423 1941 491 1994 viris
503 1943 672 1995 auctoribus.
704 1943 776 1995 Num
788 1941 877 2008 igitur
887 1942 943 1992 viri
953 1943 1024 1992 viva·

216 2011 396 2074 cioressunt,
418 2013 671 2080 quamfoeminaol
701 2011 1025 2064 Numamorbisimmu·
1052 2006 1059 2035 r

197 2103 201 2112 =
213 2081 281 2138 nesi
304 2098 350 2136 nn.
362 2082 558 2149 Nequaquam,
569 2083 618 2135 sed
628 2085 656 2133 in
668 2097 771 2150 genere
783 2081 891 2132 viribus
902 2079 1024 2133 antecel-

214 2154 284 2206 lunt.
313 2168 355 2206 ol.
372 2149 491 2218 Sedipsi
502 2169 596 2204 rursus
607 2150 941 2219 superanturncamelis.
979 2163 1024 2200 no.
1058 2187 1060 2218 Ῑ

213 2225 275 2276 lmo
287 2227 364 2290 prior
374 2229 484 2274 creatus
496 2229 539 2274 cst
550 2222 700 2275 masculus.
732 2237 790 2272 os:
798 2219 882 2272 Prior
894 2219 1023 2270 conditus
1048 2269 1060 2288 „

216 2294 367 2355 ostridam,
388 2309 469 2359 quam
482 2291 618 2350 Christus.
647 2291 685 2342 Et
697 2289 789 2342 solent
801 2291 925 2341 artifices
935 2290 966 2340 in
978 2301 1024 2354 po·
1058 2321 1060 2326 .

215 2363 381 2415 nterioribus
392 2379 422 2415 se
432 2365 508 2430 ipsos
518 2363 638 2414 vincere.
649 2375 654 2387 ¹
674 2375 722 2412 ou.
743 2360 778 2410 At
788 2359 865 2428 Deus
878 2359 1024 2410 mulierem
1058 2383 1060 2406 r

215 2431 277 2480 viro
288 2431 416 2484 subiecit.
429 2449 473 2485 rr.
482 2431 544 2486 Non
555 2431 650 2483 statim
660 2429 762 2482 melior
772 2433 823 2491 cst,
832 2428 879 2496 qni
889 2429 1023 2494 imperat:
1059 2427 1060 2432 ’

216 2505 246 2550 et
267 2505 382 2571 nuptam
403 2502 532 2564 subiicit,
561 2516 616 2552 non
635 2500 798 2552 foeminam:
821 2513 853 2550 ac
864 2513 963 2550 rursus
976 2511 1027 2548 noe

215 2573 293 2634 ptam
304 2567 345 2618 ita
355 2571 483 2636 subiicit,
502 2577 534 2623 ut
546 2586 629 2639 quum
645 2571 757 2636 utrique
769 2569 806 2619 sit
818 2573 947 2634 potestas
958 2569 1025 2618 alte-

215 2637 289 2700 rius,
308 2637 454 2690 mulierem
465 2648 558 2694 tamen
568 2640 639 2692 velit
650 2641 711 2691 viro
723 2641 827 2699 morem
840 2652 949 2705 gerere,
970 2649 1026 2686 nou

215 2713 248 2776 ut
258 2709 470 2773 praestantiori,
491 2710 540 2762 sed
552 2717 583 2761 ut
594 2709 735 2761 ferociori.
771 2707 837 2768 Dic,
859 2705 1026 2772 Eutrapele‚
1059 2725 1060 2728 ¹

214 2781 278 2827 uter
297 2775 449 2839 infirmior,
478 2779 527 2845 qui
547 2779 621 2832 cedit
641 2778 741 2842 alteri,
771 2792 806 2828 no
828 2777 873 2828 cui
895 2772 1026 2829 ceditur!
1056 2811 1060 2816 .
