2150 3198
4 305 5 310 ¹
56 318 221 384 aegrotare,
243 313 594 380 quamplussatisralere.
614 327 679 364 suc.
700 308 863 364 lltmihiri·
916 301 941 363 Q

4 431 17 546 l

144 185 146 189 ’
204 164 719 282 οοΝνινιυΜΡιιοῄΝυΜ,
829 204 863 258 ca

54 383 135 438 detur
155 383 248 434 minus
268 385 361 436 oneris
373 385 439 436 olim
450 383 613 449 impositum
625 379 744 443 ludaeis.
780 379 862 446 Equi·

55 453 117 506 tlem
129 453 165 503 ab
178 453 314 520 anguillis
330 465 358 505 et
368 454 461 520 porcis
473 452 560 504 facile·
569 450 758 515 temperatim,
778 449 862 501 modo
906 459 912 464 ·
951 465 954 472 ’

4 551 6 572 ,ι
56 518 140 573 liceat
149 524 267 588 capis'et
279 523 439 588 perdicibus
456 521 572 588 expleri.
602 533 648 570 cu.
671 519 702 568 ln
722 519 863 586 plerisque

57 605 113 642 non
123 605 185 651 res,
196 591 248 642 sed
257 592 366 644 animus
375 607 427 643 nos
436 590 572 642 discernit
583 603 600 640 a
610 579 729 638 ludaeis.
751 588 797 638 llli
807 602 868 640 nra·

4 661 5 702 l
58 675 122 712 num
133 661 312 718 abstinebant
322 677 339 713 a
351 663 435 714 certis
447 660 530 722 cibis,
545 659 622 711 velut
633 655 828 708 abimmundis
840 664 869 708 et

5 765 6 768 =
58 729 181 782 animum
192 729 389 794 inquinaturis.
412 730 471 784 Nos
482 727 764 796 qunm'intelligamus
776 725 869 788 omnia
967 767 969 776 ,

59 799 163 850 munda
173 813 234 849 esse
245 797 372 860 mundis,
392 806 485 852 temen
498 800 575 851 carni
586 795 762 858 lascivienti,
792 796 880 862 relut-
920 812 928 824 f

59 883 130 936 equo
143 867 294 918 ferocienti
304 866 436 932 pabulum
446 869 638 929 subducimus,
662 881 716 934 quo
727 865 817 932 magis
829 865 870 916 di-

52 944 104 990 ‘eto
116 937 155 987 sit
166 935 285 997 audiens
296 935 416 1001 spiritui,
439 937 642 1002 Nonnunquam
654 933 869 987 immoderatum

59 1008 185 1058 suarium
197 1019 291 1057 rerum
304 1021 383 1056 usum
400 1005 589 1057 abstinentiae
603 1004 733 1056 molestia
752 1003 871 1071 castiga·

4 1105 5 1116 κ
59 1091 128 1128 mus.
161 1089 226 1126 stro.
248 1073 352 1128 Audio:
373 1072 541 1126 scd'eadem
554 1089 638 1140 opera
649 1071 763 1126 defendi
774 1079 871 1140 posset

14 1146 18 1154 “
61 1143 236 1198 circumcisio
249 1143 399 1209 praeputii.
426 1144 592 1196 Moderatus
603 1150 632 1194 et
644 1143 693 1194 illa
703 1144 796 1195 coitus
808 1158 870 1209 pru·
895 1149 901 1159 '

58 1214 160 1275 ritum,
185 1213 375 1263 mercantum
389 1211 491 1263 adfert.
512 1212 543 1264 Si
555 1229 649 1264 ornnes
660 1213 758 1266 itidem
772 1211 870 1264 abhor·

59 1283 156 1342 ¹reient
166 1297 184 1332 a
196 1281 319 1356 piscibus
330 1289 413 1348 atque
426 1283 708 1348 ego,rixaparricida
718 1290 775 1334 tam
787 1289 869 1343 atrox
892 1321 897 1330 .

4 1377 5 1385 κ
59 1351 226 1419 supplicium
240 1351 391 1416 exigerem.
412 1365 459 1401 cir.
481 1350 662 1411 Quorundam
679 1350 773 1416 palato
784 1351 870 1418 grati·

4 2197 6 2260 ὲ
58 2185 112 2245 bus
123 2184 284 2238 vertitucin
296 2180 423 2247 delicias3
447 2191 489 2246 et,
504 2183 705 2249 sipauperibus
717 2193 800 2244 saepe
812 2195 868 2232 noa
943 2198 945 2207 ’
987 2179 991 2194 ’

4 2369 5 2378 2
43 2323 193 2392 'quidem,
216 2325 262 2388 qui
283 2322 341 2375 lere
363 2325 455 2376 carius
477 2325 620 2381 amantum
643 2322 686 2370 cui
698 2319 784 2386 igitur
793 2319 867 2372 bono
912 2375 913 2382 χ

4 2393 5 2396 ’
60 2393 116 2444 crit
127 2391 327 2444 interdictum?
347 2408 394 2445 cu.
405 2392 553 2444 Omnibus:
563 2405 625 2440 nam
638 2389 776 2454 tenuibus,
788 2389 873 2448 coch·,
947 2437 948 2440 ,

56 2461 112 2514 leis
134 2467 186 2513 aut
201 2463 276 2512 ranis
286 2462 383 2514 licebit
394 2463 484 2525 vesci,
504 2467 552 2512 aut
563 2474 645 2525 cepe,
669 2474 867 2526 porrumveara
954 2516 969 2534 .,

61 1437 94 1474 or
108 1426 153 1472 est
162 1420 294 1486 piscium,
316 1435 399 1486 quam
414 1419 537 1470 carnium
560 1433 631 1470 esus.
662 1434 727 1471 auc.
746 1421 869 1486 Congru-

60 1491 213 1558 untigitur
231 1489 289 1552 bis,
308 1489 356 1556 qui
372 1486 454 1555 gulae
471 1488 608 1549 serviunt,
630 1502 685 1539 non
704 1487 869 1540 valetudini.

60 1575 108 1612 cra.
130 1559 267 1626 liquidem
280 1559 375 1610 audivi
386 1556 525 1625 quondam
545 1557 617 1622 apud
629 1557 756 1625 Aeropos
768 1563 796 1610 et
806 1559 870 1624 lipi-

59 1630 115 1681 tios
126 1631 306 1696 praecipuum
323 1629 420 1680 luxum
431 1628 460 1678 in
470 1627 591 1696 piscibus
602 1626 699 1678 fuisse.
728 1643 793 1680 suc.
814 1626 871 1688 Qui

59 1698 334 1764 conveniustigitur
350 1697 467 1749 deliciae
479 1713 539 1748 cum
551 1695 708 1764 supplicio?
739 1711 786 1748 cn.
806 1697 869 1749 Non

59 1768 189 1821 omnibus
201 1779 267 1817 sunt
279 1783 439 1830 muraenae,
452 1773 500 1833 aut
510 1767 598 1826 scari,
622 1771 671 1820 aut
681 1765 869 1830 acipenseres.

58 1853 126 1892 sua.
146 1839 223 1902 Ergo
242 1845 342 1888 tenues
363 1837 417 1887 soli
440 1837 659 1900 discrucientur,
681 1837 779 1902 quibus
801 1837 869 1887 satis

58 1907 134 1960 male
145 1911 204 1968 est,
227 1907 308 1956 etiam
320 1921 405 1974 quum
414 1907 486 1958 vesci
498 1903 563 1956 licet
574 1905 711 1956 carnibus.
731 1905 783 1976 Iit
795 1905 869 1958 enim

59 1993 116 2028 nou
129 1990 211 2038 raro,
222 1983 254 2038 ut
266 1977 347 2041 qmrin
359 1975 427 2028 licet
438 1975 512 2026 vesci
524 1989 575 2041 per
584 1972 752 2038 Ecclesiam,
770 1991 826 2026 non
836 1975 870 2026 li·

60 2052 127 2104 reat
139 2061 191 2112 per
202 2059 368 2096 crumenam.
408 2059 457 2097 ca.
477 2046 584 2098 Durum
602 2042 740 2106 mehercle
758 2043 870 2094 interdi-

60 2123 147 2168 ctum.
177 2128 243 2166 suc.
264 2115 344 2176 Quod
356 2116 380 2164 si
392 2113 557 2166 interdictus
568 2115 690 2164 carnium
704 2128 766 2163 esus
777 2110 869 2162 diviti·

59 2253 128 2306 licet
139 2255 215 2304 vesci
228 2254 368 2317 carnibus,
374 2254 458 2304 etiarn
471 2268 554 2320 quum
567 2251 645 2311 licet,
658 2264 734 2300 acne
746 2249 868 2316 piscibus

57 2531 173 2588 rodere.
184 2530 342 2584 Mediocres
350 2530 499 2582 detrahent
506 2528 632 2582 nonnihil
641 2529 809 2596 quotidianis
820 2543 866 2596 op·

58 2601 162 2660 soniis.
191 2600 272 2667 Quid
284 2602 307 2652 si
319 2601 384 2667 qnid
398 2601 497 2652 divites
510 2600 716 2652 deliciabuntur
727 2597 779 2651 bac
790 2613 866 2651 occa·

58 2670 159 2732 sicine,
186 2677 253 2720 suae
264 2672 345 2736 gulae
355 2673 507 2738 imputent,
528 2685 582 2719 non
595 2671 720 2720 incusant
730 2669 866 2720 ecelesiae
893 2705 897 2716 .
934 2722 939 2728 N
1003 2703 1006 2708 -

4 2783 5 2808 ,
59 2740 303 2794 constitutionem.
340 2755 404 2816 suu.
433 2738 551 2792 Pulchre
562 2737 648 2799 dixti,
669 2739 717 2790 sed
726 2735 867 2790 interima

601 2804 738 2860 1²2¹

1067 749 1071 832 l
