2160 3192
196 181 246 236 222
342 174 590 230 conviviolo
613 173 844 242 Poenicum.
871 235 877 238 ,

196 290 247 350 ost.
265 281 352 347 Coepi
363 294 452 347 nuper
462 281 556 348 legere
567 278 689 344 Senecae
700 280 844 400 episffpolsp,
858 286 889 330 et
897 279 929 332 in
937 281 1005 353 ipso
1070 331 1071 338 r

194 350 288 406 statim
300 357 398 416 portu,
418 349 491 414 quod
504 352 595 410 aiunt,
615 350 728 416 impegi:
773 363 840 402 ocus
851 355 895 401 est
906 351 937 401 in
948 353 1007 420 pri·
1070 359 1071 416 g

45 473 48 482 ,
102 432 107 441 ’
194 418 383 485 rnaepistola:
411 417 632 482 Etsivoluem‘r,
653 420 758 486 inquit,
778 419 1007 482 attendere,ma·
1069 425 1071 496 j

193 489 411 560 gentilupum
422 488 540 552 eluditur
550 490 619 541 rnale
630 487 786 557 agentibus,
799 487 923 542 maximis
933 491 1009 544 sitit
1026 520 1031 527 -
1069 499 1071 530 l

90 602 104 620 ,Ἴ
171 567 177 580 ’
195 557 355 629 agentibus,
376 567 434 622 tota
445 557 523 627 alind
531 557 686 627 agentibus.
708 558 738 608 ln
749 554 800 610 hac
809 561 954 624 sententia
965 561 1008 613 af·
1070 611 1071 614 ,

152 655 156 668 =
195 629 286 682 fectat
296 627 391 682 nescio
403 629 468 694 quid
480 627 624 694 argutiae,
646 625 722 694 quod
739 641 792 694 ego
808 631 948 687 nonsatis
961 646 1007 682 as·

195 713 304 766 sequor.
325 713 372 750 ns.
382 695 538 760 Divinabo,
548 695 571 746 si
582 696 670 748 voles.
692 710 735 748 cn.
746 697 878 750 Maxime.
890 699 1006 752 nn..Ne·

196 785 242 821 nto
253 759 389 835 perpetuo
402 772 513 834 peceat;
544 771 678 817 ettamen
690 767 772 828 luxu,
790 765 924 830 libidine,
937 785 1006 821 am·

196 839 317 900 bitione,
338 840 512 904 eaeterisque
523 836 614 900 vitiis,
635 849 737 902 magna
747 836 824 888 vitae
835 845 899 901 pars·
911 841 1005 904 perit;
1059 873 1064 895 ,

195 908 245 962 sed
264 906 360 974 Jnulto
376 907 467 960 maior
481 907 556 960 vitae
578 906 672 971 portio
683 906 755 972 perit
765 904 835 956 nihil
845 907 1006 972 agentibus.

195 977 283 1030 Porro
297 975 367 1028 nihil
377 993 462 1046 agere
474 977 620 1040 dicuutur,
651 990 707 1027 non
725 975 772 1042 qui
787 975 883 1042 vivunt
893 977 923 1028 in
937 981 1004 1040 otio,

52 1089 55 1106 ,
149 1049 152 1053 “
195 1048 245 1100 sed
257 1050 302 1115 qui
312 1046 397 1099 rebus
408 1046 518 1100 frivolis
529 1055 558 1100 et
575 1044 645 1096 nihil
662 1046 697 1096 ad
714 1043 878 1102 felicitatem
900 1048 1004 1104 cundu-
1064 1069 1071 1108 ῃ

196 1119 322 1170 centibus
335 1122 515 1180 occupantur.
551 1115 619 1167 lnde
641 1117 830 1180 proverbium,
850 1113 948 1167 Satius
964 1125 1005 1170 ert

194 1202 318 1248 cessare,
338 1200 419 1252 paam
429 1184 499 1237 ntttr
509 1201 601 1254 ogere.
631 1183 685 1236 Sed
696 1189 757 1248 tota
766 1186 826 1252 pita
836 1185 911 1252 perit
924 1186 1004 1238 aliud

194 1255 353 1322 agentibus.
370 1254 457 1310 Aliud
464 1270 547 1324 ogere
558 1254 673 1318 dicitur,
695 1255 809 1320 quinon
823 1261 865 1306 est
876 1261 1002 1308 attentus
1069 1287 1071 1332 Ι

194 1325 230 1376 ad
245 1324 289 1387 id,
311 1323 385 1392 quod
406 1327 474 1392 agit.
510 1323 590 1378 Perit
605 1323 694 1390 igitur
704 1323 847 1388 tutarita,
859 1321 1002 1394 ‘quoniam

195 1408 279 1462 quum
293 1409 421 1446 vacamus
432 1395 522 1458 vitiis,
543 1395 618 1446 eliud
640 1396 761 1462 agimus:
782 1393 847 1445 dum
869 1409 1001 1447 vacamus

193 1463 323 1528 frivolis,
360 1465 436 1517 aliud
463 1464 585 1532 agimus:
627 1461 691 1515 dum
716 1463 859 1516 studemus
879 1462 1001 1531 philoso·

194 1531 291 1601 phiae,
322 1535 453 1600 quoniam
477 1533 509 1584 id
530 1533 646 1587 iacimus
668 1536 767 1601 supine
787 1539 815 1586 et
836 1536 1006 1596 oscitanter,-

102 1645 104 1650 .
195 1602 272 1654 aliud
293 1603 416 1668 agimus,
447 1617 546 1668 purum
566 1602 684 1666 attenti,
718 1603 794 1655 velut
814 1603 850 1654 ad
872 1618 931 1656 rem
953 1603 1002 1664 mi·

193 1673 268 1722 ninte
289 1671 401 1723 seriam.
438 1671 517 1722 llaec
532 1673 730 1739 interpretatio
741 1674 764 1723 si
777 1687 872 1738 parum
884 1673 1001 1737 arridet,

193 1746 357 1792 numeretur
367 1739 436 1794 haec
447 1741 589 1792 sententia
600 1741 722 1795 Senecae
732 1743 805 1800 inter
816 1757 880 1805 eas,
891 1744 1001 1810 quasin

194 1808 247 1862 hoc
258 1813 395 1876 scriptore
404 1809 518 1864 damnat
529 1813 563 1862 Δ.
575 1810 698 1873 Gellius,
717 1819 748 1861 ut
763 1810 864 1864 frivole
878 1821 1002 1879 argutas.

193 1893 240 1930 ιιι.
252 1874 325 1930 ΜὶΙιί
336 1895 404 1930 sane
415 1877 486 1930 satis
497 1880 612 1934 arridet.
632 1879 702 1944 (Sed
713 1883 826 1933 interim
838 1889 953 1934 strenue
966 1883 1001 1934 ad

193 1945 336 2016 gallinam.
377 1947 472 2001 Nolim
483 1965 533 2002 vos
549 1949 632 2014 fulli;
647 1949 734 2005 ,nihil
748 1959 896 2018 praeterea
907 1954 1002 2019 parati

195 2019 263 2082 est.)
294 2017 420 2080 Quadrat
433 2020 508 2072 enim
519 2019 555 2071 ad
566 2019 593 2070 id
605 2021 679 2088 quod
690 2023 861 2086 praecessit:
886 2021 1000 2090 Turpit-

92 2121 97 2126 -
149 2093 162 2105 “’
194 2085 264 2142 tima
282 2098 322 2141 est
338 2085 461 2152 lactina,
484 2105 553 2156 quae
564 2106 614 2158 per
626 2089 824 2160 negligentiam
827 2091 877 2160 fit.
909 2092 942 2144 ld
954 2109 1001 2144 ou·

193 2163 252 2210 tem
261 2157 387 2214 declarat
397 2158 449 2212 hac
461 2161 616 2212 trimembri
628 2160 819 2215 sententialis
828 2161 925 2228 paullo
936 2169 1001 2230 post

194 2227 293 2293 videor
305 2229 371 2280 mihi
382 2229 479 2282 videre
496 2227 638 2282 mendum:
663 2227 781 2282 Mortem
798 2249 851 2282 non
862 2231 999 2299 prospici·
1070 2247 1071 2278 t

195 2312 263 2349 mus.
274 2295 379 2366 Magno
390 2316 456 2366 pars
467 2299 524 2352 eim
534 2297 590 2350 iam
599 2299 756 2367 proeteriit.
770 2299 999 2368 Numlegendum

194 2366 325 2429 arbitror,
332 2364 447 2420 Mortem
455 2369 644 2437 prospicimus.
654 2367 921 2436 Prospicimusenim
929 2386 999 2440 quoe

196 2435 297 2502 procul
311 2435 422 2498 absunt,
433 2453 516 2505 quum
530 2453 604 2490 mors
616 2453 718 2506 magna
729 2454 763 2490 ex
776 2447 856 2506 parte
874 2448 998 2508 praeter·

195 2502 263 2554 ierit
275 2503 363 2554 nobis.
385 2520 431 2556 urz.
445 2507 474 2558 Si
485 2508 538 2559 sibi
550 2509 715 2575 permittunt
726 2507 899 2577 philosophi,
908 2510 998 2564 utali·
1021 2515 1025 2564 l
1070 2575 1071 2578 Ἴ

118 2631 131 2638 -
194 2571 305 2638 quando
322 2570 464 2627 divertant
479 2579 609 2647 inprato
619 2577 778 2641 Musarum,
801 2579 924 2632 fortasse
943 2595 998 2633 noa
1026 2593 1034 2602 “
1069 2579 1071 2630 l

92 2681 95 2684 .
164 2666 168 2670 -
193 2637 336 2693 videbitur
346 2637 510 2707 absurdum,
530 2649 554 2697 si
565 2661 615 2712 nos
627 2647 775 2713 uliquuudo
788 2647 829 2700 vel
841 2651 927 2702 urrinni
939 2666 997 2717 gro-

193 2711 235 2762 tiu
248 2709 418 2784 divertamus
435 2715 465 2768 iu
485 2715 598 2770 illorum
624 2721 775 2784 regionem.
813 2734 854 2772 ιιι.
878 2719 998 2786 Quidni?
