2126 3188
214 225 425 282 nantilla
441 225 519 285 uls
540 230 680 287 uado.
799 235 852 293 307

42 337 115 402 grint
126 327 273 381 dimidium
285 327 447 384 drachmae·
462 333 585 386 Tantum
596 336 669 388 euim
682 344 852 408 extorquent

42 417 62 457 a
73 399 193 470 singulis
210 400 246 450 ob
260 400 454 454 brevissimam
473 404 671 457 vectationem.
707 409 758 462 llle
769 424 850 464 excu-

2 531 3 534 ¹
43 471 130 524 sabat
145 474 354 538 paupertatem:
374 470 423 521 isti
439 485 490 538 per
506 471 600 523 iocum
616 475 764 538 explorant
778 480 851 531 seili-

44 545 101 602 cet,
123 545 156 591 ac
167 539 303 601 detractis
313 538 498 594 calceisinter
507 547 660 609 suppactus
671 543 764 598 soleas
775 561 852 614 repe·

43 611 125 662 riunt
139 608 236 662 decem
252 612 303 660 aut
318 606 467 662 duodecim
483 610 643 664 drachmas:
667 627 715 664 eus
730 609 852 681 eripiunt

43 678 150 748 palam
159 678 295 740 ridentes,
317 684 345 732 et
357 679 631 734 conviciisludentes
641 683 669 733 in
680 682 852 737 sceleratum

44 747 173 801 Gallum.
209 761 258 800 uu.
272 747 347 811 Quid
361 747 492 802 iuveniat
527 751 661 814 ecquid
676 750 768 806 alludi
788 752 853 808 Fla·

42 817 104 870 bat.
141 829 189 869 aa.
201 815 277 869 Num
298 833 332 871 ex
348 820 521 886 auctoritate
537 820 680 876 iaciebant
697 821 772 876 istal
807 837 852 876 oa.
893 869 897 878 ,

43 885 167 954 Prorsus
186 885 303 962 eadam,
325 903 380 958 qua
400 887 533 943 iurantur
553 893 678 945 sarcinas
699 890 853 960 hospitum,

48 971 107 1026 qua
116 955 222 1008 tollunt
232 971 386 1022 crumenas,
398 959 540 1027 siquando
552 962 635 1014 datur
645 963 852 1031 opportunitas.

43 1039 96 1082 uso.
106 1025 210 1078 Mirum
222 1034 274 1092 est,
281 1030 351 1080 istos
362 1033 470 1081 tantum
481 1028 586 1084 audere
595 1029 764 1095 facinus,tut
774 1032 853 1086 testi·

40 1097 97 1150 bus
108 1097 237 1148 consciis.
274 1111 319 1150 ou.
331 1096 379 1150 Sic
390 1108 586 1166 assuererunt,
593 1107 625 1154 ut
636 1107 714 1155 reete
725 1102 789 1156 lieri
801 1097 856 1171 pu?

41 1172 115 1219 teat.
151 1164 319 1233 spectabant
331 1182 346 1219 e
357 1169 464 1222 maiore
475 1171 539 1222 uari
549 1172 718 1239 complures,
735 1173 764 1224 in
775 1184 853 1240 cyrn-

41 1237 83 1290 ba
99 1235 218 1288 aderant
234 1237 344 1306 aliquot
358 1239 441 1308 Angli
454 1240 659 1308 negotiatores,
682 1244 730 1310 qui
744 1242 852 1294 frustra

42 1306 302 1360 obmurmurabant.
333 1305 384 1360 'llli
399 1307 477 1362 velut
493 1311 523 1360 in
537 1325 569 1361 re
584 1308 678 1362 faceta
692 1311 852 1379 gloriabun-

41 1374 617 1444 tur,deprehensurnsceleratumiiallum.
653 1381 770 1448 unllgo
780 1380 851 1432 istos

41 1445 201 1500 maritimos
211 1445 288 1498 iures
303 1444 404 1498 ludens
418 1461 453 1499 ac
462 1446 559 1499 iocans
577 1448 736 1518 subigerem
747 1450 778 1501 in
789 1463 850 1501 cru·

2 1555 3 1560 ,
41 1531 115 1570 cern.
152 1527 198 1566 ou.
208 1514 291 1583 Atqui
301 1515 407 1568 talibus
417 1521 509 1570 scatet
517 1524 668 1586 utrumque
677 1519 756 1571 litus.
775 1516 851 1571 Heio
953 1549 957 1554 ·

38 1583 115 1638 mihi
125 1586 260 1650 coniecta,
284 1581 359 1650 Quia
367 1579 600 1660 dominisucs'ana
611 1587 706 1642 ausint
715 1601 797 1658 quum
808 1597 851 1642 ta·

39 1654 81 1708 lia
96 1652 195 1726 fiores!
212 1657 237 1719 ⁴)
272 1650 397 1708 Proinde
417 1653 536 1723 posthae
548 1654 696 1724 'quaslibet
715 1660 849 1727 ambages

38 1723 149 1789 malim,
167 1738 248 1793 quarn
259 1722 544 1794 illudcompeudium.
579 1726 850 1796 Adhaeaquemad·

38 1793 155 1846 modum
167 1790 204 1844 ad
212 1791 319 1844 interos
333 1793 425 1846 facilis
435 1795 593 1862 descensus,
612 1795 662 1850 sed
673 1797 783 1850 reditus
793 1793 849 1850 dil·

36 1862 196 1921 ficillimus,
213 1861 256 1911 ita
266 1875 317 1928 per
326 1857 381 1914 hoe
391 1862 460 1915 litus
473 1865 618 1937 ingressus
630 1883 686 1920 non
696 1867 848 1921 admodum

37 1928 142 1992 hallia
164 1927 256 1981 exitus
265 1927 445 1984 difficillimus
457 1941 510 1986 est.
543 1937 712 1991 Haerebaat
724 1937 848 1991 bandini

38 2005 145 2054 nautae
156 1995 264 2066 aliquot
276 2001 504 2070 Aumerpleuses:
524 2006 657 2059 cumillis
668 2007 849 2059 decreveram
932 2027 938 2036 ·

39 2073 87 2124 rae
98 2069 169 2122 mari
179 2067 364 2122 committere.
391 2083 441 2122 un.
450 2070 546 2123 Habet
555 2086 590 2125 ea
599 2075 678 2142 regio
689 2081 790 2127 nautas
801 2072 848 2125 ad·

41 2155 78 2195 oo
91 2137 221 2193 sanctos!
258 2151 303 2190 oa.
315 2137 353 2190 Ut
361 2136 446 2193 simia
459 2154 569 2209 semper
579 2149 624 2194 est
633 2143 725 2206 simia,
744 2141 847 2205 fateor,

39 2213 84 2264 ita
93 2215 180 2261 nauta
190 2222 299 2277 semper
313 2215 357 2260 est
370 2215 471 2262 nauta:
493 2225 591 2264 nerum
605 2213 631 2264 si
646 2210 682 2265 ad
692 2212 742 2266 bos
753 2210 849 2266 conlo.

3 2329 4 2342 2
39 2295 88 2334 ras
99 2278 146 2348 qui
157 2284 238 2347 rapto
250 2279 342 2332 vivere
353 2277 520 2344 didicerunt,
532 2282 627 2349 angeli
637 2288 711 2336 sunt.
735 2281 847 2336 nelle·

3 2353 5 2356 '
39 2343 164 2415 minero,
184 2350 210 2401 si
221 2347 330 2418 quando
341 2363 386 2402 me
396 2363 506 2418 quoque
515 2351 605 2405 libido
617 2353 724 2475 ceperit
734 2367 795 2405 eam
805 2353 847 2404 in·

40 2420 132 2480 sulam
143 2417 289 2473 invisendi.
326 2415 380 2472 Sed
390 2420 419 2472 in
429 2423 503 2474 viana
513 2421 584 2485 redi,
606 2437 643 2475 un
665 2431 720 2476 ete
731 2420 847 2490 deduxb

40 2501 87 2543 oa.
99 2489 176 2557 Ergo
184 2488 512 2558 Londinunnpeteutibus
522 2490 598 2545 baud
609 2493 705 2561 procul
715 2507 733 2545 a
742 2493 845 2545 relicta

40 2558 192 2612 cantuaria
202 2559 324 2612 occurrit
333 2559 379 2613 via
387 2560 569 2616 vehementer
581 2577 650 2618 eura
662 2562 745 2616 simul
756 2568 784 2616 et
797 2574 844 2612 an·
916 2569 926 2578 “

38 2635 132 2699 gusta,
153 2634 300 2696 praeterea
312 2627 428 2684 declivis
439 2632 480 2684 sic
491 2632 622 2702 utrinque
631 2634 749 2702 abrupto
762 2643 844 2702 agge·

4 2723 6 2735 ›
22 2727 26 2730 ·
40 2710 81 2764 rs,
90 2706 187 2752 utnon
197 2699 288 2766 possis
299 2697 434 2770 elingere:
444 2702 589 2758 neeritari
599 2708 703 2774 potest,
715 2700 844 2773 quiubac
913 2723 917 2728 ·

66 2780 87 2838 ·)
103 2780 191 2829 Versus
199 2787 236 2830 sst
245 2796 276 2832 sa
285 2783 369 2841 vurta
377 2787 457 2845 Balce.
466 2787 512 2843 111,
523 2792 557 2837 lt
736 2789 738 2793 ’
