2132 3196
97 181 102 204 ‘
171 195 655 266 ⁴nuncnunuunosnos.
788 201 822 256 11
884 221 908 256 ι

4 329 8 384 ¹
22 300 155 382 trepidus.
168 312 228 354 >usn
239 302 294 352 ilie
306 306 350 352 est
358 300 427 353 beili
437 301 528 384 ludus.
542 317 588 358 ιι.
599 302 665 366 Est,
676 303 726 356 sed
737 305 823 360 scele-
876 300 879 302 ’

21 376 195 428 tutissimus(
216 371 512 434 on.·Pedesadven1s,
534 387 568 424 an
579 373 681 440 equnst
703 389 741 428 ιι.
756 375 841 428 Par-2

4 481 5 486 ,
22 439 69 490 tim
78 437 203 504 pedestri
214 439 330 503 itinere,
350 441 453 507 partim
464 440 606 502 vehiculo,
627 443 730 508 partim
741 460 824 512 equo,
920 467 923 474 ·

4 513 12 586 ¹
22 508 119 574 partim
128 507 253 574 navigio.
285 510 331 560 dn.
351 513 412 572 Quo
424 510 453 560 in
466 515 541 562 statu
551 517 615 560 sunt
625 526 670 562 res
681 512 825 567 Gallicae}

25 590 61 626 ιι.
79 575 151 628 Sane
161 577 335 637 turbulento.
366 580 488 646 Magnae
499 579 638 630 bellorum
650 580 739 632 minae
750 590 824 635 sunt.

4 697 10 716 ¹
27 645 95 706 Quid
105 644 174 696 nuali
186 644 299 697 allaturi
310 646 365 697 sint
375 645 518 707 hostibus,
540 647 648 698 nescio:
671 655 747 701 certe
760 650 825 700 Gul-

10 715 11 718 ’
27 712 106 766 iiiam
118 714 176 780 ipsi
188 729 245 765 non
256 715 379 766 dicendis
390 715 471 766 maiis
482 714 651 782 affliguntur.
683 726 729 767 os.
746 717 825 770 Unde

28 782 237 852 proficiscuntur
246 784 293 835 isti
303 784 441 837 beliorum
452 784 604 836 tumultuet
626 801 665 836 ιι.
676 785 770 848 Unde,
786 787 827 839 ni·

29 851 49 902 si
58 867 91 906 ex
101 852 255 904 ambitione
275 852 509 906 monoschemum?
542 867 589 904 ou.
610 853 827 920 dthurumpm·
854 880 857 891 »

5 949 6 962 2
28 919 117 972 dentia
128 921 312 974 conveniebat
323 923 414 975 sedari
425 938 517 976 rerum
527 920 708 975 humanarum
722 929 827 991 tempe·

4 989 9 1049 2
26 996 117 1044 states.
138 1004 178 1042 ιι.
190 989 349 1043 Sednntilli
360 992 488 1059 quidem,
509 991 558 1044 scd
574 998 605 1043 ut
621 995 723 1044 Auster
740 1008 826 1046 mare.
866 1013 869 1032 ·

25 1057 195 1111 Persuadent
206 1061 272 1122 sibi,
283 1065 315 1117 se
324 1061 390 1114 deos
402 1078 472 1124 esso,
482 1075 587 1128 suaque
599 1077 683 1114 causa
694 1064 826 1114 mundum

25 1124 94 1180 hunc
104 1141 166 1183 esse
179 1129 333 1192 conditum.
365 1145 421 1182 ἀι.
441 1130 499 1181 imo
510 1131 641 1197 princeps
654 1129 826 1198 reipublicae

27 1197 112 1262 gratia
122 1197 320 1262 constituitur,
347 1215 402 1252 non
418 1199 572 1268 respublica
588 1200 720 1266 principis
732 1215 825 1252 causa.
926 1205 934 1218 '

16 1280 61 1316 ιι.
89 1266 150 1317 lmo
162 1279 217 1317 non
229 1266 328 1319 desunt
342 1266 482 1336 theologi,
512 1269 559 1334 qui
576 1268 705 1336 frigidam
720 1269 835 1330 sunus-¹

26 1333 97 1398 dant,
108 1341 137 1387 et
149 1336 183 1386 ad
197 1334 248 1388 hos
260 1337 394 1390 tumultus
406 1337 550 1389 classicum
562 1343 672 1388 canant.
693 1353 740 1390 oc.
751 1339 826 1390 lstos

25 1418 75 1472 ego
86 1409 243 1456 statuerem
255 1407 283 1456 in
295 1407 385 1473 prima
395 1407 463 1458 acie.
489 1420 528 1457 ιι.
550 1406 589 1456 At
609 1406 653 1455 illi
665 1407 717 1456 sibi
729 1413 828 1464 canent

4 1421 85 1542 'post
96 1473 244 1541 principis.
276 1489 323 1526 siu.
343 1473 602 1541 lstapublicafatis
614 1474 829 1540 curandncelin·
863 1529 865 1533 ,

4 1565 6 1573 ·
22 1556 147 1608 quamus.
159 1544 238 1610 Tuae
251 1559 361 1611 resque
373 1545 485 1597 tandem
493 1543 605 1595 instato
611 1543 692 1595 sonti
703 1559 743 1595 ιι.
750 1543 829 1610 Opti-

4 1579 79 1674 into,
101 1611 197 1675 felici,
218 1613 367 1676 mediocri,
388 1613 607 1666 tolerabilius.
629 1616 829 1680 Quo-pactose

4 1701 5 1706 ι
21 1679 184 1732 resinabent
197 1681 278 1732 tonet
290 1697 352 1733 num
364 1698 398 1734 ex
409 1681 493 1738 votet
509 1697 548 1734 ιι.
558 1683 617 1734 lmn
629 1697 712 1749 supro
723 1688 828 1745 votum,
899 1743 900 1748 ἵ

21 1764 104 1816 sopra
116 1749 259 1812 meritum,
270 1765 354 1817 supra
364 1766 451 1818 spem.
473 1763 519 1800 on.
530 1749 617 1803 Satin'.
627 1767 662 1803 ex
672 1751 830 1804 sententiat

20 1815 104 1869 Satin·
117 1819 198 1872 salta
209 1819 321 1870 omnint
337 1818 446 1875 Satisne
455 1834 591 1885 prospera
601 1821 711 1871 omnint
725 1837 763 1873 ιι.
774 1819 828 1872 Res

21 1886 27 1898 ‘
56 1886 156 1953 peiore
169 1893 248 1937 statu
261 1887 387 1940 essenon
400 1894 502 1955 potest.
525 1888 623 1942 Peiore
633 1890 660 1940 in
672 1889 735 1940 loco
746 1902 830 1955 nego·

21 1955 89 2009 cium
101 1969 159 2018 non
170 1960 265 2022 potest
276 1972 346 2008 esse.
379 1955 433 2010 uin¹
454 1958 518 2009 Nun
535 1959 633 2025 cepisti
644 1959 741 2024 igitur,
754 1957 828 2025 quod

22 2025 174 2091 captabasi
204 2039 261 2084 ¹nnn
279 2026 398 2094 contigit
414 2027 534 2091 praeda,
556 2043 642 2095 quam
661 2027 828 2080 venabutis?
898 2046 930 2081 ‘s

23 2108 57 2143 ιι.
78 2091 217 2146 Venabar
228 2095 371 2160 equidem,
397 2094 445 2146 scd
456 2095 529 2146 irata
539 2095 629 2149 Delia.
674 2111 720 2147 ns.
738 2094 830 2162 Nihil

4 2207 5 2210 ,
23 2162 164 2230 reliquum
175 2169 219 2214 est
228 2163 306 2228 spei?
330 2170 369 2214 nn
389 2161 453 2230 Spei
464 2165 654 2230 permultum,
675 2162 779 2215 seduci
790 2163 829 2211 ni·

23 2227 69 2282 hii.
96 2246 160 2284 -ιιιι,
182 2231 337 2298 Episcopus
352 2230 421 2282 nihil
442 2233 564 2286 ostendit
576 2232 655 2299 spei?
695 2246 733 2281 ιι.
753 2231 830 2283 Toto

4 2333 9 2368 ·.
22 2299 163 2364 plaustra,
183 2306 314 2368 totasque
325 2301 384 2366 spei
395 2317 495 2364 naves,
524 2301 573 2353 sed
590 2305 736 2370 praetcrea
747 2297 846 2368 nihil„

22 2381 64 2420 cn.
80 2368 164 2421 Nihil
176 2368 266 2421 adhue
276 2369 369 2420 misit?
390 2385 428 2421 ιι.
438 2370 569 2422 Promisit
581 2369 690 2436 quidem
701 2369 828 2436 largiter,

4 2425 6 2459 i
19 2441 48 2508 at
56 2453 93 2489 ne
105 2440 266 2490 teruncium
279 2439 392 2506 quidem
402 2440 488 2490 misit.
510 2455 556 2490 un.
568 2441 642 2506 Ergo
653 2453 701 2504 spe
712 2437 826 2491 alendus

19 2508 195 2573 estanimus.
230 2523 270 2559 ιι.
291 2507 345 2560 Sed
355 2507 407 2561 hac
419 2523 473 2559 non
484 2509 629 2576 saginatur
638 2514 741 2560 venter.
772 2507 828 2570 Qui
874 2520 876 2528 ’

4 2615 5 2622 ,
20 2589 63 2640 spe
75 2577 212 2639 aluntur,
231 2577 367 2642 pendent,
383 2593 437 2630 non
448 2579 552 2630 vivunt.
577 2591 622 2628 on.
633 2579 762 2632 Attamen
773 2577 827 2629 hoe
892 2593 894 2598 ·

19 2657 78 2696 eras
100 2645 139 2700 ad
162 2647 223 2697 iter
241 2647 415 2712 expedition,
434 2647 509 2714 quod
524 2645 594 2697 nihil
610 2647 786 2700 essstoncris
797 2646 826 2696 in

18 2726 98 2769 aona.
129 2731 173 2770 ιι.
197 2713 317 2782 Fatuus3
337 2721 420 2785 atque
432 2716 516 2770 etiam
525 2716 622 2772 tutior.
650 2715 735 2771 Nulla
754 2718 826 2772 enim
891 2750 896 2756 -
