2160 3192
123 185 125 188 ’
222 213 274 267 aaa
385 181 630 272 saeorsrrro
655 209 712 262 ns
736 191 860 264 riou.¹

174 347 183 356 -
222 319 276 367 ent.
312 311 458 380 sedquam
470 315 506 366 ob
521 330 579 366 rem
594 314 741 377 istueais,
761 313 847 368 Aulei
868 327 915 368 uu.
935 315 1022 380 Quam

180 411 183 416 ·
221 385 256 437 ob
268 382 344 435 remi
364 383 446 448 Quia,
457 385 565 439 siscire
579 385 630 448 uis,
652 385 710 436 oles
721 383 907 451 autsulphm
915 393 967 436 aut
977 387 1026 438 fulss

220 454 378 518 menlovis.
415 471 459 506 na.
478 453 547 506 Sunt
559 460 586 506 et
598 450 726 516 Veioves,
746 463 810 505 sunt
830 455 915 506 bruta
935 455 1026 507 fulmi-

220 539 271 586 na,
295 524 413 575 multum
434 525 519 576 etiam
539 523 647 591 origine
666 521 867 576 dissidentiae
890 523 1024 578 fatidicis.

220 593 308 658 Nam,
334 599 366 644 ut
387 596 527 662 suspicor,
553 593 630 645 tude
651 591 827 646 anathemate
849 593 946 646 sentis.
981 609 1026 648 ao.

133 691 138 706 ι
221 663 291 717 Rem
311 663 459 715 coniectas.
496 679 537 714 su.
557 663 656 714 Audivi
671 662 781 729 quidem
800 662 942 716 horrenda
956 667 1029 716 toni-¹

123 745 133 756 “
220 739 293 796 trus,
312 732 437 782 fulminis
457 732 544 782 ictum
565 747 620 782 non
641 732 734 787 sensi„
760 746 806 784 no.
826 732 882 793 uui,
899 733 959 784 sici
984 750 1024 786 m.

221 803 295 866 Quia
306 801 394 854 nihilo
406 802 485 868 peius
496 813 653 867 cuneoque,
675 815 763 870 neque
775 802 956 868 irrequietius
968 803 1027 854 dor-

223 875 289 924 mio.
327 888 372 924 uu.
391 871 445 924 Sed
461 871 512 922 hoe
530 870 713 939 periculosius
736 871 810 922 solet
831 886 893 923 esse
912 873 1025 934 malum,

169 947 170 952 ’
221 943 288 1010 qnia
298 956 353 992 non
364 943 493 994 sentitur.
532 941 556 994 V
558 955 635 992 erum
647 939 716 992 haec
725 943 808 992 bruta
817 940 946 1004 fulmina,
958 957 1033 1009 quae

154 1023 164 1032 ‘
220 1020 253 1066 tu
263 1025 357 1070 vocas,
370 1009 473 1061 feriunt
485 1016 593 1062 montes
606 1017 634 1062 et
645 1010 742 1062 maria.
779 1027 824 1062 nn.
843 1009 971 1074 Feriam,
980 1010 1027 1064 sed

219 1080 309 1133 irritis
321 1079 432 1130 ictibus.
470 1079 521 1129 Est
532 1086 560 1131 et
572 1079 666 1147 fulgur
677 1095 691 1132 e
702 1081 784 1142 vitro,
797 1095 846 1132 seu
857 1096 924 1132 vase
936 1096 1026 1134 aereo.

221 1165 267 1204 uo.
286 1150 367 1200 Certe
379 1148 492 1198 territat
509 1153 538 1199 et
554 1147 615 1200 hoc.
651 1165 693 1200 ns.
713 1145 831 1212 Verum,
851 1149 901 1201 sed
917 1165 1027 1218 pueros.

221 1217 391 1272 SolusDeus
403 1215 487 1289 hahet
502 1217 616 1279 fulmen,
638 1234 691 1284 quo
712 1217 796 1270 feriat
815 1219 947 1272 aruntem.
983 1235 1028 1273 no.

221 1287 330 1352 quidsi
341 1287 418 1338 Deos
430 1287 511 1339 estin
525 1303 576 1338 suo
588 1287 710 1340 vicario?
733 1303 775 1360 ap.
790 1287 900 1339 Utinam
911 1289 964 1342 sitl
984 1305 1028 1344 au.
1078 1323 1079 1336 r

143 1357 147 1363 ”
219 1360 280 1413 lna
292 1355 373 1409 multi
384 1357 556 1409 demirantur
565 1358 659 1413 teiam
671 1357 774 1410 dudum
786 1373 840 1410 non
852 1374 913 1411 esse
930 1358 1027 1426 quovis

222 1428 512 1482 carbonexetriorem.
549 1443 591 1480 nu.
625 1427 711 1495 Finge
738 1443 782 1478 me
811 1428 907 1480 talem.
933 1427 1029 1496 'Atqui

219 1504 301 1550 tanto
312 1498 401 1565 magis
424 1502 485 1548 erat
509 1497 633 1565 optanda
652 1497 728 1549 salus
739 1497 873 1617 perdito,
894 1497 920 1548 si
936 1499 1028 1564 piacet

219 1567 393 1634 Evangeliea
405 1565 542 1618 doctriua.
580 1583 624 1620 uo.
643 1569 736 1632 Optan
758 1583 774 1618 a
794 1567 912 1634 quidem,
933 1575 964 1619 at
975 1583 1029 1620 non

220 1635 347 1690 dicenda.
382 1651 425 1688 na.
444 1632 499 1685 Cur
511 1635 569 1688 itai
589 1652 637 1688 no.
660 1637 722 1700 Quo
734 1635 866 1704 pudescat
883 1639 957 1689 ictus
978 1637 1029 1689 iul·

218 1707 310 1769 mine,
330 1721 363 1768 ac
385 1704 542 1770 resipiscat.
579 1721 623 1758 aa.
643 1704 672 1757 Si
698 1707 739 1758 sic
761 1707 905 1758 nobiscum
926 1707 1030 1775 egisset

218 1778 306 1839 Deus,
326 1775 497 1841 perieramus
511 1790 614 1826 omnes.
651 1777 805 1838 nonquam
827 1777 862 1828 ob
883 1775 963 1831 remi
983 1793 1028 1830 nu.

134 1865 136 1872 ¹
219 1845 294 1909 Quia
306 1859 389 1912 quum
400 1859 521 1894 essemus
534 1844 641 1895 inimioi
652 1843 719 1906 Dei,
741 1845 864 1899 cultores
874 1843 1027 1908 idolorum,

218 1913 373 1965 militantes
385 1911 413 1962 iu
426 1914 525 1978 castris
537 1913 666 1977 Satanae,
690 1913 806 1977 noscet,
829 1915 920 1966 enodis
943 1915 1029 1967 onmi-

218 1983 606 2046 busexoommunieatissimi,
621 1992 680 2036 tum
692 1984 741 2036 ille
753 1985 872 2038 maxime
882 1987 1028 2038 nobiscum

220 2053 415 2107 confabulatus
427 2060 469 2105 est
482 2069 529 2120 per
540 2055 628 2106 lilium
639 2069 729 2117 suunt,
758 2061 864 2122 suoque
886 2055 1029 2124 colloquio

220 2139 270 2176 nos
280 2124 406 2176 restituit
417 2125 446 2175 in
465 2123 563 2186 uitam,
583 2139 665 2190 quum
685 2139 809 2176 essemus
829 2125 944 2176 retortui.
982 2140 1030 2178 no.

219 2195 278 2247 lsta
299 2194 410 2262 quidem
432 2209 497 2245 vere
515 2208 621 2244 narras.
656 2207 703 2244 aa.
721 2191 780 2246 lmo
801 2195 881 2247 male
897 2201 1031 2262 ageretur

220 2277 283 2314 eum
294 2265 421 2334 omnibus
428 2263 560 2331 aegrotis,
572 2266 594 2314 si
607 2263 730 2314 medicus
742 2260 852 2332 fugeret
864 2264 1030 2332 alloquium,

221 2333 331 2398 quoties
343 2333 442 2399 ingens
453 2333 567 2384 morbus
589 2339 690 2399 gravat
708 2336 852 2386 miserum:
873 2335 933 2386 ime
946 2346 1037 2401 quum·

220 2402 536 2468 maximeeonreniehat
550 2401 649 2454 adesse
671 2402 818 2455 medicum.
854 2410 900 2456 ao.
920 2408 958 2458 nt
977 2419 1030 2473 ego

147 2475 149 2478 ’
221 2475 333 2530 metuo,
357 2486 391 2522 ne
403 2477 434 2521 tu
455 2470 525 2532 mihi
547 2473 629 2524 eitius
649 2471 735 2526 ediles
758 2473 864 2540 aliquid
885 2474 929 2524 toi
954 2476 1031 2536 mali,

223 2553 304 2606 quam
317 2537 379 2602 liat,
391 2547 424 2592 ut
434 2546 483 2592 tuo
495 2542 593 2592 asorbo
605 2543 725 2594 medear.
762 2543 969 2612 Nonnunquam
981 2559 1033 2598 uso

223 2609 307 2669 venit,
317 2615 405 2675 ,utpro
416 2607 524 2661 medico
537 2612 586 2672 liat
595 2612 781 2677 palaestritas,
794 2611 839 2680 qui
852 2614 921 2666 visit
933 2631 1034 2684 aegro·

223 2685 291 2740 tum.
329 2693 373 2728 nn.
383 2677 432 2728 'lta
443 2679 550 2746 quidam
564 2696 615 2730 usu
627 2683 701 2733 venit
712 2685 739 2733 iu
752 2694 898 2749 corporum
910 2686 1034 2750 morbie;

119 2809 126 2816 „
157 2778 171 2787 -
223 2761 321 2800 rerum
327 2746 356 2796 in
367 2747 453 2798 animi
462 2748 542 2799 usalis
548 2756 592 2801 est
603 2749 654 2812 tibi
664 2759 763 2818 parata
774 2753 920 2824 antidotus
932 2755 1033 2810 adver·
