2132 3196
233 209 655 282 vnalsoaoamuhnd.
723 237 725 239 ’
810 235 847 290 oo

42 314 113 360 sunt.
132 311 171 362 Et
185 313 266 387 eqpio
278 323 385 384 omnia,
395 339 468 390 quae
477 325 529 392 vis,
547 344 613 382 suo.
623 331 725 393 Merito
735 340 765 388 te
774 350 846 395 amo.

43 379 109 430 Amo
122 385 161 432 te.
180 383 320 439 Amandus
331 406 371 443 es.
395 391 520 461 Benigne
532 397 611 474 dicip.
630 401 722 456 Gomis
733 423 772 460 es.
789 411 858 462 Hc.
884 409 886 415 '

1 453 3 538 p
43 445 94 500 beo
104 450 237 517 gratiam.

274 523 384 579 Irascor
402 530 468 593 tibi,
490 533 639 605 formula.x

1 585 2 628 Ῐ
94 617 143 656 cu.
165 607 201 658 nt
212 623 264 678 ego
276 613 402 666 nonnihil
413 619 465 670 tibi
476 613 638 680 succenseo.
674 626 711 678 st
726 643 780 696 ego
796 631 849 686 tibi

43 671 212 728 subirascor.
223 681 327 732 Verum
340 698 392 750 ego
404 687 456 739 tibi
467 705 526 740 sum
538 692 688 746 subiratus.
703 697 787 764 Atqui
797 715 849 768 ego

43 750 101 792 suni
113 745 143 794 in
153 751 183 796 tc
194 750 409 805 stomachosior.
435 761 518 829 ntqni
532 763 658 818 nonnihil
669 772 727 828 est,
742 767 789 822 vel
802 766 848 822 ba·
916 790 923 798 ·

42 807 110 876 beo,
130 815 205 882 quod
216 819 269 871 tibi
279 834 469 880 succenseam.
645 839 653 846 “

1 941 2 978 l
198 906 202 926 “
281 923 342 988 Qua
360 932 461 982 eausa?
478 934 613 1006 formula.
656 977 658 982 .

67 1035 69 1042 κ
91 1016 158 1055 sou.
180 1004 318 1066 Quidnam
339 1020 383 1066 est
400 1017 491 1083 istud,
528 1022 662 1076 obsecrol
698 1025 772 1090 Quid
792 1023 849 1083 itai

40 1070 130 1132 Quum
148 1073 184 1125 ab
200 1092 258 1128 rem
277 1082 413 1148 tandem,-
424 1089 492 1139 oroi
519 1093 594 1154 Quid
606 1093 703 1146 admisi
715 1096 867 1153 scelerislv

41 1138 113 1203 Quid
125 1150 296 1200 commeruit
307 1151 474 1208 Promcreor
485 1159 566 1224 bona,
578 1170 626 1213 aut
638 1165 763 1219 laudem:
774 1185 847 1222 com·

1 1231 2 1236 =
39 1223 152 1262 mereor
163 1215 252 1278 mala,
271 1227 320 1270 aut
331 1237 464 1288 posnam:
484 1229 556 1280 illud
572 1234 601 1283 in
616 1233 734 1301 bonam,
753 1235 806 1290 hoc
817 1242 846 1290 in

1 1301 2 1324 ;
38 1280 140 1331 malam
151 1291 260 1347 partem
273 1293 401 1344 sumitur.
426 1294 609 1354 Demeremur
620 1311 692 1368 eum',
706 1321 786 1376 quem
797 1325 846 1366 no·
914 1315 929 1352 .'

0 1404 1 1407 Ἰ
38 1346 80 1423 bis
91 1349 231 1406 beneficio
241 1357 384 1412 reddimus
396 1362 558 1418 obnoxium.

264 1513 267 1530 .
286 1486 359 1551 Quia
379 1506 433 1544 non
451 1509 533 1546 coras
549 1509 599 1548 me.
658 1536 661 1542 -

88 1577 137 1617 cn.
155 1567 237 1629 Quod
246 1571 324 1626 nulla
336 1577 390 1629 mci
401 1578 454 1629 tibi
466 1596 533 1640 cura
544 1582 609 1655 sitq
619 1583 700 1649 Quod
711 1583 781 1644 nihil
792 1607 844 1646 nos

33 1634 165 1699 respicis.
182 1639 262 1701 Quod
274 1649 331 1696 tam
344 1662 408 1699 raro
420 1663 471 1700 nos
482 1653 595 1704 revisas.
616 1657 698 1718 Quod
710 1660 782 1712 nihil
792 1678 843 1716 nos

39 1714 127 1754 cures.
164 1708 245 1770 Quod
258 1728 302 1765 mc
312 1715 395 1780 plane
406 1719 535 1786 negligis.
554 1723 635 1784 Quod
645 1731 736 1780 nostri
747 1746 843 1784 curam

34 1770 142 1824 sideris
154 1777 299 1835 abiecisse.
324 1801 388 1838 noc.
408 1788 444 1838 nt
455 1787 524 1839 nihil
536 1799 579 1842 est
588 1807 703 1863 causae,
724 1815 773 1851 cur
784 1817 844 1854 suc·

0 1858 1 1913 l
38 1855 163 1897 censeas.
200 1851 506 1916 Atpraetermeritum
518 1875 619 1913 meum.
656 1868 843 1924 ulimmerius

38 1923 197 1968 succenses.
233 1919 333 1990 Neque
346 1926 419 1977 enim
431 1942 494 1978 mea
505 1931 585 1997 eulpa
596 1934 710 1998 accidit,
729 1941 804 2005 quod
816 1947 844 1994 te

1 1975 3 2068 f
38 1982 128 2034 rarius
148 1988 246 2040 visam.
281 1993 495 2047 Dabisveniam
513 2004 742 2066 occupationibus
764 2013 843 2072 nisis,
880 2047 884 2055 κ

1 2089 2 2108 ,
37 2062 87 2116 per
98 2069 168 2120 quas
180 2058 247 2112 mibi
259 2069 314 2112 non
324 2062 390 2115 licet
399 2067 498 2128 toties,
520 2067 630 2135 quoties
642 2077 739 2140 cupio,
758 2083 788 2128 te
798 2091 841 2129 re-

37 2120 137 2174 visere.
161 2139 208 2178 crs.
229 2129 273 2181 lta
284 2131 394 2183 demum
406 2133 456 2184 tibi
466 2137 624 2203 ignoscam,
637 2143 662 2192 si
673 2142 755 2194 hodie
767 2145 842 2210 apud
864 2151 867 2162 ¹
934 2177 938 2184 ,

1 2201 2 2210 ¹
38 2203 81 2242 me
92 2207 205 2248 coenes.
223 2199 267 2249 Ea
277 2200 438 2255 conditione
448 2211 583 2270 purgatus
594 2208 662 2259 mibi
673 2213 742 2274 eris,
761 2215 786 2264 si
797 2229 842 2266 ve·

1 2217 3 2290 i
37 2264 110 2325 speri
123 2265 161 2315 ad
172 2277 288 2320 coenam
300 2273 405 2323 venias.
425 2287 489 2324 noo.
503 2268 587 2326 Haud
597 2279 707 2344 iniquas
718 2284 792 2347 pacis
805 2282 843 2337 le·

1 2333 2 2366 l
38 2343 84 2396 ges
99 2337 283 2400 praescribis,
305 2339 476 2406 Christianc3
497 2357 582 2410 quare
598 2345 672 2397 baud
686 2351 792 2403 invitus
803 2352 845 2406 fa·

38 2394 117 2452 ciam.
152 2406 286 2470 Equidem
299 2407 399 2461 faciam
414 2412 517 2463 volens.
536 2411 615 2466 lstud
626 2417 736 2482 quldem
748 2421 843 2477 fecero

38 2467 232 2534 perlubenter.
242 2477 328 2530 Haud
339 2487 456 2548 gravate
468 2481 578 2534 faciam·
591 2486 646 2537 llio
656 2501 722 2541 sane
733 2507 788 2562 non
802 2507 846 2547 me

38 2542 179 2604 praebebo
195 2545 345 2600 difficilem.
381 2549 460 2602 Nihil
476 2550 528 2604 hac
543 2568 574 2604 re
592 2554 687 2608 fecero
704 2559 846 2614 libentius.

38 2609 137 2664 Animo
151 2611 254 2667 faciam
266 2617 384 2673 lubenti.
404 2634 451 2670 cu.
472 2621 572 2674 Laudo
583 2631 659 2682 tuam
671 2627 846 2694 facilitatem,

39 2683 66 2728 et
77 2677 133 2734 hac
144 2683 174 2734 in
188 2701 235 2750 re,
254 2693 282 2738 ct
295 2689 327 2738 in·
337 2689 438 2741 ceteris
450 2693 585 2744 omnibus.
624 2709 689 2748 suo.
710 2697 756 2750 Sic
766 2699 845 2754 soleo

39 2751 135 2806 sancis
147 2755 279 2826 obsequi,
297 2759 464 2825 praesertim
479 2775 536 2844 nou
558 2763 655 2833 iniqua
673 2769 844 2833 petentibus.
941 2807 945 2814 .
