2160 3192
321 205 666 264 Feouclscnnr.
835 210 897 268 aab

2 335 25 362 .,
92 325 234 381 uunquam
254 317 287 364 e‘x
310 311 695 366 eonsue'tudine,mortalium
711 320 741 368 et
757 297 895 384 opinione.
984 305 987 311 ¹

9 377 53 406 ¹*
93 383 193 436 Nonne
208 379 366 432 iudicarent
380 397 477 434 omnes
492 381 658 445 absurdum,
677 385 702 435 si
713 385 774 452 quis
784 389 911 456 tergore*

30 461 33 471 ¹
93 437 199 504 bubuio
210 450 251 500 sie
264 452 427 514 vestiretur,
447 458 479 503 ut
491 467 596 504 corana
607 449 798 520 prominerent
811 458 839 508 in
853 471 899 509 ea·
959 489 965 512 r

8 566 12 575 .
95 522 168 588 pite,
189 517 591 574 eteandatrabereturhumii
614 521 841 582 elu.,llidiculum
854 543 899 580 sa·
940 575 948 590 ,

0 639 1 650 ,
94 607 137 644 ne.
157 605 200 645 ce.
211 590 330 640 Rursum
341 591 366 640 si
377 591 440 657 quis
451 596 557 643 vestem
567 591 697 654 baberet,
716 603 786 660 quoe
797 595 899 647 lirciem

93 675 127 712 ae
138 665 235 714 manus
247 666 369 728 tegeret,
389 660 708 726 pudendoostenderet²
732 670 795 714 rau.
807 661 899 716 Multo

93 730 252 782 absurdius.
280 743 323 780 eo.
338 730 380 781 Ob
391 729 419 778 id
430 733 521 782 notati
533 733 644 783 suntab
657 729 775 784 ethnicis
789 747 900 800 quoque

11 803 14 810 '
34 838 38 852 .
93 799 293 866 cernitoribus,
313 801 359 864 qui
376 799 500 850 multitia
515 807 659 852 sumerent
674 795 804 852 foeminis
815 803 900 855 etiam
961 862 963 868 ¹

5 872 9 901 ²
79 867 270 930 ·indeeora*).
288 866 481 921 Verecundius
492 871 565 920 enirn
577 875 620 922 est
630 869 733 922 nudum
747 884 816 934 esse,
837 886 902 940 qua·

92 937 151 990 lem
160 945 191 989 te
201 937 369 991 offendimus
380 940 409 989 in
423 941 587 1005 vaporatio,
606 955 688 1007 quum
702 939 743 991 uti
755 946 832 992 reste
845 941 902 1007 pel·

93 1007 216 1060 lucente.
242 1021 303 1060 ron.
312 1009 374 1074 ligo
385 1013 465 1075 puto,
476 1013 567 1059 totum
579 1007 631 1059 hee
642 1007 676 1060 de
688 1009 901 1080 cultupendere

11 1117 16 1124 .
95 1079 325 1130 aeousuetudine
334 1092 367 1130 ec
379 1079 561 1144 persuasione
576 1077 744 1130 mortalium.
781 1095 824 1132 co.
845 1079 902 1142 Qui

72 1179 77 1203 r
93 1145 152 1199 siet
187 1161 246 1198 rou.
261 1147 324 1198 Nun
342 1147 498 1198 multisunt
513 1146 585 1210 dies,
602 1148 675 1215 qnod
691 1147 753 1200 heic
766 1147 903 1200 diversati

95 1221 173 1278 sunt,
192 1217 240 1283 qui
251 1232 282 1284 se
293 1216 487 1284 praedicarent
496 1228 660 1284 peragrasse
669 1219 761 1272 varias
772 1219 903 1288 regiones

13 1329 16 1336 .
94 1288 336 1352 unperinrentas,
355 1292 385 1337 et
396 1301 464 1353 quas
476 1286 505 1336 in
520 1287 673 1352 priscorum
690 1286 905 1356 cosmographo-

11 1361 15 1370 ’
96 1370 160 1411 rum
172 1355 288 1422 picturis
299 1353 501 1406 desideramus.
539 1357 576 1402 lli
593 1373 623 1404 se
639 1358 792 1404 narrabant
807 1371 904 1421 peree-

97 1427 176 1477 nisse
188 1425 222 1476 ad
234 1425 352 1476 insulam
365 1424 506 1490 quendam
517 1419 588 1472 coeli
601 1425 836 1487 temperatissimi,
855 1425 905 1476 ubi

97 1497 197 1546 summi
208 1494 354 1548 dedecoris
366 1493 428 1544 loeo
441 1490 595 1542 habebatur
605 1495 703 1564 tegere
714 1505 823 1560 corpus.
860 1507 904 1546 co.

98 1565 150 1616 lsti
159 1562 287 1616 fortassis
299 1564 454 1616 belluarum
467 1562 523 1614 ritu
535 1561 668 1612 vivobant.
697 1575 759 1615 rin.
780 1563 855 1625 lmo,
872 1568 905 1614 ut

1 1621 24 1690 Γ
99 1635 225 1696 aiebant,
245 1629 475 1685 humanissimam
492 1631 612 1698 agebant
624 1633 720 1684 vitam.
756 1633 905 1702 Degebant

1 1711 2 1716 ’
97 1705 151 1755 sub
162 1718 243 1770 rege3
253 1719 315 1756 cum
328 1703 534 1754 comitabantur
544 1701 579 1752 ud
592 1717 662 1768 opus
674 1717 768 1766 mane,
779 1719 835 1755 noo
849 1717 906 1753 am·

96 1773 173 1841 plius
184 1787 266 1839 quam
278 1772 390 1835 horam,
410 1771 494 1824 etiarn
508 1771 625 1839 singulis
640 1772 747 1822 diebus.
778 1788 819 1824 co.
830 1771 905 1836 Quid

1 1901 2 1906 ,
97 1842 194 1908 operis
213 1840 371 1892 faciebantt
399 1857 460 1892 run.
481 1840 648 1893 livellcbant
667 1842 790 1894 radicum
808 1857 905 1910 genus,

1 1928 11 1943 ·
97 1910 175 1978 quod
186 1909 241 1960 illis
252 1905 339 1958 tritici
350 1909 413 1960 loeo
424 1915 480 1970 est,
500 1915 529 1960 et
540 1911 636 1961 tritico
648 1917 706 1962 tum
725 1913 833 1980 gratius
845 1921 904 1964 tum

97 1976 254 2032 salubrius:
271 1991 326 2043 quo
336 1983 450 2040 peracto
462 1977 581 2028 redeunt
593 1979 721 2037 odaeum
732 1984 847 2052 quisque
859 1997 906 2033 ne·

97 2048 222 2116 gotium,
241 2051 270 2096 et
288 2043 363 2112 quod
383 2044 514 2109 cuiusque
528 2047 639 2096 libitum
657 2053 817 2108 est-animo,
840 2047 905 2099 faci-

96 2120 158 2170 unt.
196 2112 559 2174 Saneteeducantliberes,
580 2115 906 2180 vitantetpuniuntlla-
939 2145 944 2152 ·
999 2161 1008 2174 .

98 2185 184 2256 gitia‚
195 2183 244 2237 sed
254 2183 361 2236 nullum
374 2181 502 2235 acerbius
512 2195 593 2250 quam
604 2181 782 2234 adulterium.
793 2197 836 2233 co.
844 2175 907 2245 (luo

15 2264 29 2299 ἰ
100 2253 257 2322 supplicitei
292 2267 355 2306 run.
380 2251 523 2304 Foerninis
547 2253 717 2320 ignoscitrrr3
734 2251 833 2303 *datur
853 2251 908 2304 hoe

100 2325 195 2379 sexui:
218 2330 358 2381 caeterum
369 2323 437 2376 viris
449 2322 582 2374 adulterii
594 2321 728 2373 convictis
738 2320 806 2374 baec
816 2335 909 2391 poena

102 2401 167 2457 est,
195 2400 228 2446 ut
247 2408 428 2463 peromnem
448 2395 534 2443 vitam
556 2393 585 2444 in
609 2389 748 2459 publicum
770 2392 909 2460 prodeant

126 2469 147 2524 ¹)
163 2468 277 2514 Mettica
286 2470 396 2512 aaaron
404 2471 471 2512 erant
477 2473 556 2512 vestes
563 2466 690 2524 pellucidae
700 2467 787 2510 sericae
796 2468 831 2511 vel
840 2468 906 2511 burn.

97 2525 203 2581 lrycinae,
221 2526 283 2568 molli
301 2525 440 2570 substramina
456 2521 569 2574 intextae,
588 2529 612 2567 et
629 2525 863 2573 intramuraneum,
881 2527 908 2566 ut

98 2596 142 2640 per
150 2594 177 2624 ea
186 2581 277 2633 singula
285 2584 383 2624 membra
392 2581 492 2638 perspici
501 2586 603 2638 possent.
619 2579 662 2624 llis
673 2581 796 2624 utebantur
804 2580 907 2632 insignes

98 2637 242 2683 meretrices.
271 2635 308 2679 Ite
326 2633 454 2688 Iuvenalis,
478 2645 550 2691 satyr.
568 2641 589 2680 2.
609 2637 765 2691 perstringens
780 2636 867 2678 iudices
883 2639 908 2678 ot

6 2714 13 2730 ·
98 2691 343 2798 ppppp‘s'opbcsiuquitr
352 2695 398 2739 Sed
407 2692 466 2754 quid
473 2692 625 2755 consotient
631 2693 687 2745 alit.
693 2687 907 2778 puwptumultr'tt'o

692 2943 696 2968 t
