2126 3188
200 135 253 185 sm
457 125 737 188 renutans.
775 120 782 129 “
829 102 846 140 ”

200 237 296 289 decem
307 233 419 300 linguas
427 231 547 285 bubulas
558 231 636 286 fumo
647 232 768 285 duratas.
794 246 841 286 su.
859 233 933 287 lstas
946 251 997 288 ma·

198 306 260 366 lim,
283 317 365 370 quam
376 301 593 370 decem-linguas
604 302 793 354 lusciniarum.
823 301 893 356 Nun
903 305 998 358 reiicio

198 373 405 425 conditionem:
435 387 532 428 rerum
552 377 725 425 contractum
742 370 820 424 hunc
834 379 928 426 ratum
939 391 997 428 esse

200 443 286 494 nolim
298 445 459 511 priusquam
471 442 663 498 intercesserit
672 441 827 508 stipulatio.
850 457 894 496 rs.
910 445 999 498 laus-

140 573 141 578 *
199 521 260 574 tur,
270 512 294 562 si
305 513 384 574 libet,
395 517 425 564 et
435 513 459 562 si
470 525 524 578 qua
534 511 591 563 alia
601 508 704 564 cautio.
722 511 772 564 aa.
793 510 826 564 ld
836 511 887 564 liet
899 528 933 566 ex
945 520 998 566 ani·

200 584 237 636 mi
250 583 290 633 tui
299 582 439 633 sententia
448 587 512 648 post
522 597 644 634 mensem
655 585 791 632 exactum.
810 595 858 633 rs.
869 581 941 644 Quin
954 599 999 650 po·
1018 593 1020 597 ’

199 654 256 703 tius
278 666 351 702 nunc
370 651 403 702 fit
423 665 458 702 ex
479 651 630 703 animimei
641 647 796 702 sententiat
828 664 874 704 su.
886 650 997 704 Dicam:
1027 679 1028 684 =

174 741 176 749 ⁴
200 723 265 789 quia
274 734 375 775 vereor
385 735 421 772 ne
432 727 496 787 post
507 724 630 773 mensem
640 735 695 771 non
709 719 746 770 sit
757 717 854 771 eadem
864 723 947 771 animi
958 723 999 774 tui

200 791 352 844 sententia·
383 791 480 862 ltaque
501 796 529 842 et
546 789 602 842 tibi
621 787 786 843 soluendum
807 794 881 840 esset
896 789 998 858 duplex

139 886 143 895 =
201 861 374 927 praemium,
394 857 510 913 etmihi
531 859 635 928 duplex
654 863 730 911 esset
750 858 885 909 sumenda
908 874 998 926 opera,

199 929 399 1018 persuadendi,
421 943 454 981 ac
463 927 653 981 dissuadendi.
672 941 715 978 rs.
726 927 792 994 Age,
812 926 863 977 liat
875 930 998 982 utrolcs.

202 999 256 1052 bed
266 999 381 1052 interim
393 1013 478 1066 perge
489 999 698 1058 demonstrare,
708 1010 795 1063 quare
804 997 857 1048 riri
869 1011 954 1050 sexus
965 1001 998 1051 sit

116 1093 120 1102 ν
202 1068 393 1135 prraestaotior
402 1067 552 1118 foemineo.
571 1081 618 1120 aa.
630 1063 717 1118 Video
728 1070 757 1117 te
768 1065 934 1118 meditatam
947 1083 999 1120 mo·

200 1134 386 1191 imnnaohiam:
400 1149 479 1200 quam
492 1135 527 1187 ob
537 1150 597 1188 rem
606 1139 635 1186 in
645 1135 805 1202 praesentia
815 1133 928 1202 quidem
939 1153 998 1190 con·

200 1206 300 1276 seritius
311 1205 434 1257 arbitror
443 1205 495 1256 tibi
507 1205 668 1258 concedere.
688 1204 862 1274 congrediar
868 1207 999 1272 alias,scd

199 1281 344 1337 arnustus,
363 1289 417 1326 nec
430 1274 534 1342 absque
549 1273 717 1327 subsidiario
734 1274 833 1329 milite.
861 1277 934 1330 Nam
954 1277 1000 1330 ulai

139 1347 143 1354 '
199 1347 296 1414 lingua
307 1361 352 1398 res
363 1346 484 1414 geritur,
495 1360 530 1398 nc
540 1347 647 1413 septem
659 1345 770 1413 quidem
781 1345 834 1398 riri
845 1361 927 1412 pares
939 1357 1001 1401 sum

199 1417 246 1468 uui
257 1416 404 1468 foeminae.
422 1431 467 1468 rs.
480 1415 617 1468 Nimirum
628 1415 683 1468 hoc
692 1415 750 1469 telo
762 1415 882 1468 armarit
893 1433 944 1470 nos
955 1425 1000 1469 ria·

137 1523 149 1549 l.
199 1495 276 1536 tura:
299 1499 455 1552 quanquam
477 1500 571 1538 nevos
605 1487 698 1537 uidem
712 1486 838 1552 elingues
849 1490 924 1539 estis.
952 1501 1000 1539 su.
1052 1523 1053 1540 .

128 1563 132 1580 ‘
199 1548 351 1607 Fortassis:
373 1554 424 1619 scd
443 1555 492 1606 ubi
510 1502 640 1621 puellfflsl
673 1571 719 1607 rr.
731 1555 763 1605 ln
775 1555 902 1608 conclavi
910 1557 1001 1627 proxi-

200 1639 254 1676 mo.
272 1637 320 1677 su.
331 1623 407 1687 Quid
415 1622 490 1676 illict
511 1623 692 1692 coquitolusl
713 1637 760 1678 rs.
771 1623 914 1692 Nugator3
928 1625 1001 1694 apud

180 1695 184 1704 '
201 1693 337 1747 nutricem
347 1699 398 1745 est.
412 1725 414 1728 -
428 1707 476 1746 su.
488 1692 577 1754 Quam
588 1691 659 1744 milri
670 1692 806 1758 nutricem
817 1693 934 1745 namast
962 1709 1002 1745 ⁴au

200 1769 244 1816 est
254 1763 311 1816 alia
322 1763 581 1828 nutri15quamea‚
597 1777 668 1830 quae
679 1768 769 1814 nnater
779 1761 839 1816 esti
858 1777 904 1825 rs,
917 1763 1003 1828 Quid·

199 1832 229 1882 ni
240 1827 252 1882 l
270 1831 356 1896 vulgo
368 1831 405 1880 lit.
424 1845 470 1882 au.
481 1830 633 1884 Pessimum
645 1830 713 1883 milri
724 1833 851 1884 nominas
861 1838 1002 1886 auctorem

114 1918 119 1927 “
200 1901 241 1955 rei
261 1901 338 1966 ¹bene
357 1899 495 1968 gerendae
509 1903 636 1970 vulgum,
662 1901 788 1954 Fabulla.
804 1961 808 1967 ,
822 1902 918 1969 Vulgo
941 1919 1004 1971 pec·

201 1977 281 2035 cam,
303 1970 387 2040 vulgo
402 1969 510 2022 luditur
522 1971 598 2033 alea,
618 1972 702 2041 vulgo
714 1977 887 2029 commeatur
897 1973 933 2024 ad
946 1971 1004 2025 for·

200 2046 287 2108 nicos,
307 2042 392 2110 vulgo
403 2038 563 2103 fraudatur,
583 2046 709 2107 potatur,
730 2042 877 2108 insanitur.
895 2057 943 2096 rs.
959 2041 1004 2095 Sic
1046 2070 1053 2118 p

188 2113 396 2166 amicisvisum
406 2115 461 2164 est:
481 2116 647 2169 censuerunt
658 2111 749 2175 enim,
759 2111 926 2184 parcendum
938 2110 1003 2162 huic
1045 2110 1053 2202 l

162 2237 166 2244 ,
200 2182 287 2234 aetati
301 2188 361 2235 tam
379 2187 502 2234 tenerae.
530 2193 578 2233 ru.
598 2181 683 2249 Atqui
695 2181 718 2230 si
728 2187 829 2234 natura
839 2179 918 2239 dedit
927 2184 1002 2234 vires
1051 2205 1053 2210 v

201 2251 235 2300 ad
248 2249 462 2318 concipiendum,
474 2249 547 2302 haud
559 2249 641 2302 dubie
653 2249 731 2301 dedit
742 2251 818 2303 etad
829 2250 1002 2312 lactandum.
1050 2263 1053 2344 p

202 2334 247 2369 su.
258 2321 407 2374 Probabile
418 2319 528 2388 quidem
540 2324 591 2372 eat.
610 2333 655 2372 su
667 2319 722 2372 Dic
730 2319 815 2384 mim,
835 2334 927 2373 nounc
944 2335 1005 2374 sen·

201 2388 248 2456 tis,
260 2403 322 2440 esse
332 2389 522 2445 dulcissimum
533 2389 632 2442 matris
640 2390 822 2443 vocabulumt
840 2399 884 2444 sl.
896 2389 1006 2442 Sentio.

203 2471 249 2507 sa.
259 2457 357 2522 ltaque
367 2461 392 2509 si
403 2460 465 2512 lieri
477 2465 587 2526 posset,
609 2465 690 2526 pater
724 2460 746 2514 ‘s
763 2461 847 2512 aliam
859 2459 1008 2514 mulierem

105 2547 111 2556 -
204 2541 264 2578 csse
274 2531 391 2578 matrem
404 2531 445 2580 tui
454 2528 570 2596 portast
598 2543 644 2580 rn.
665 2530 695 2581 Μ
740 2545 782 2582 me
797 2531 934 2598 gentium.
959 2544 1008 2582 sn.

205 2595 260 2646 Cur
278 2595 364 2661 ign'tur
379 2597 475 2649 rolens
493 2599 647 2665 plusquam
660 2597 838 2653 dinocratem
849 2601 951 2652 matris
960 2613 1011 2652 no·

203 2679 264 2714 mco
277 2664 412 2716 transfers
423 2666 451 2714 in
461 2665 613 2719 foeminam
625 2667 744 2722 alienam
756 2669 767 2720 l
793 2686 837 2722 rs.
853 2666 934 2722 Bona
945 2686 1013 2724 ver·
