2150 3198
215 225 266 280 soa
330 237 331 245 κ
453 285 456 290 ,
534 186 693 272 vineo

213 322 356 380 honestius
368 321 515 386 vivebant,
537 335 619 388 quam
629 321 703 392 apud
713 325 857 388 parentem
869 327 921 374 ne'o
931 319 1019 376 alium

178 447 180 454 s
212 394 351 447 habebant
362 397 484 462 patrem,
505 394 587 459 quam
597 393 775 460 Episcopum.
814 391 870 444 Sed
892 393 1018 457 obsecro,

213 464 256 515 die
275 461 359 524 mihi,
378 462 451 530 quod
463 461 513 513 tibi
527 461 678 530 collegium
692 477 726 514 ex
741 462 867 512 omuibus
878 461 1019 530 delegisti,

213 533 259 586 oui
269 539 298 584 te
308 531 423 584 addicas
435 533 463 582 in
477 530 659 582 servitutem?
694 543 734 583 cs.
764 529 962 598 Chryseidam
983 533 1019 595 *lc

212 615 260 656 nu.
280 605 423 670 Agnosco,
446 602 562 654 aedibus
575 602 699 669 paternis
709 599 840 652 vicinum.
869 617 912 660 ct·
925 604 1018 654 lieete.
1069 627 1072 635 =

210 687 258 726 uu.
279 669 497 740 Atquepulchre
519 671 586 722 novi
611 677 702 722 totum
720 669 773 722 hoe
784 670 959 733 sodalitium,
978 671 1020 721 di·

166 756 170 760 ’
210 756 294 809 gnum
307 757 386 803 vero,
404 742 439 794 ob
451 740 526 807 quod
537 748 643 806 patrem
655 756 688 792 aa
698 746 816 792 matrem
827 748 856 791 ot
867 745 1018 808 cognatam

159 843 169 854 ι
210 813 263 864 tibi
274 809 474 878 honestamque
484 807 621 863 familiam
632 810 776 876 repudies!
788 801 859 860 Nam
870 809 921 860 ille
933 808 1018 876 petri-

210 879 297 933 archa
306 883 363 934 iam
374 881 481 949 pridem
493 885 522 932 et
533 886 639 942 aetate,
658 887 687 930 et
705 879 781 940 vino,
804 884 832 931 et
846 885 956 944 vnatura
973 878 1019 930 tle·
1070 913 1074 926 ,

210 949 282 1002 lirus
292 958 350 1015 est,
361 951 466 1003 necilli
478 951 626 1020 quidquam
637 951 691 998 ianr
703 952 779 1014 sapit
787 955 901 1014 praeter
912 949 1017 1000 vinum.

209 1019 305 1077 Habet
314 1021 384 1072 duos
395 1021 506 1071 sodales
518 1035 548 1070 se
560 1018 674 1084 dignos,
692 1017 823 1069 loannem
836 1025 864 1069 ot
873 1017 1018 1070 lodoeum.

210 1089 336 1150 Quorum
348 1089 480 1151 loannes,
497 1094 530 1138 ut
542 1087 663 1140 fortasse
673 1089 715 1138 vir
725 1088 816 1139 melus
827 1102 884 1137 non
895 1094 958 1149 est,
977 1089 1032 1137 ita'

208 1155 280 1209 nihil
291 1156 455 1220 haberium,
473 1163 588 1223 praeter
598 1157 713 1210 barbam
724 1175 732 1221 3
753 1157 921 1209 eruditionis
932 1171 967 1208 ue
978 1155 1018 1222 pi·
1074 1178 1075 1181 ¹

208 1225 267 1278 lum
289 1225 412 1292 quidem,
434 1226 598 1293 prudentiae
619 1241 675 1278 noa
693 1227 782 1279 multo
800 1227 877 1293 plus3¹
896 1225 1016 1280 lodoeus

209 1294 280 1348 adeo
302 1295 430 1362 stupidus
443 1301 501 1359 est,
523 1303 568 1360 ut,
590 1295 732 1348 nisiveste
743 1311 822 1348 sacra
835 1295 1016 1347 commanda-

204 1370 305 1436 ¹retur,
334 1365 527 1428 obambularet
541 1365 693 1432 publicitus
711 1366 742 1416 in
752 1365 859 1418 cuculla
869 1365 942 1417 fatui
953 1379 1015 1417 eum

207 1435 342 1488 auriculis
353 1451 387 1488 ae
396 1435 600 1488 tintinnabulis.
618 1451 659 1488 cr.
678 1433 752 1486 Mihi
762 1435 893 1487 ridentur
902 1435 958 1487 riri
968 1435 1016 1486 bo·

207 1505 245 1556 ni.
267 1518 316 1556 nu.
327 1505 429 1556 Melius
439 1508 510 1555 istos
521 1504 599 1566 novi,
620 1510 760 1572 quamtu,
778 1519 841 1556 mea
853 1502 1015 1559 catharina.

207 1573 259 1626 Isti
274 1573 395 1624 fortasse
405 1580 470 1624 aaut
479 1573 531 1624 tibi
542 1577 655 1638 patroni
666 1574 738 1640 apud
751 1580 894 1640 parentes,
916 1580 950 1626 ut
961 1573 1018 1626 elii·

208 1641 284 1694 ciant
294 1646 322 1692 te
334 1643 505 1709 preselytam
517 1657 606 1702 suam
618 1643 783 1696 deludimus
794 1645 916 1696 maxime
926 1645 1015 1696 favet.

207 1725 257 1764 su.
271 1712 294 1763 0
307 1710 457 1764 fautorem!
476 1710 524 1762 sed
538 1712 591 1772 fae,
602 1711 667 1764 istie
676 1728 748 1766 nuno
759 1729 820 1766 esse
831 1717 907 1766 viros
917 1714 1017 1771 doctos

124 1777 127 1782 “
209 1781 355 1844 aobonos,
382 1780 788 1847 eraseruntindootiaema113
818 1785 1017 1852 et'quieuaq-ue

211 1850 379 1915 obtigeriut,
397 1851 452 1905 tibi
468 1856 550 1902 eruut
565 1850 683 1904 ferendi.
703 1867 752 1903 aas
763 1853 973 1906 Offenduatnre
988 1853 1018 1904 in

97 1981 102 1988 Ι
209 1917 327 1970 aedibus
338 1921 463 1986 paternis
476 1921 572 1974 erebra
583 1923 720 1985 convivia3
740 1937 792 1974 nee
806 1939 917 1990 semper
926 1922 1016 1992 virgi·

187 2006 192 2020 ‘
209 2002 263 2040 nea
284 1993 364 2052 sunt,
384 2004 455 2056 quae
466 1991 528 2042 illie
539 1991 670 2042 dieantur
681 1991 755 2044 inter
766 1987 943 2060 coniugatus.
979 1993 1017 2044 att

61 2105 64 2115 ,
109 2109 111 2114 2
210 2057 362 2126 aliquoties
383 2061 430 2122 lit,
448 2065 480 2112 ut
497 2058 932 2129 osculumnogarononpossim.
970 2077 1018 2115 nu.

210 2125 266 2192 Qut
276 2128 364 2187 evitare
374 2130 468 2184 studet
478 2131 613 2198 quidquid
625 2129 744 2182 offendit
752 2168 761 2194 ,
781 2131 806 2182 is
818 2149 833 2184 o
843 2133 902 2186 rita
912 2131 1017 2201 migrat

211 2204 331 2263 oportet.
367 2200 411 2251 lta
421 2207 486 2251 sunt
497 2216 577 2252 aures
590 2199 833 2264 assuefaciendae,
852 2209 886 2253 ut
901 2203 1017 2270 audiant

208 2267 314 2330 omnia,
325 2275 481 2322 nontamen
491 2272 545 2322 nisi
554 2269 629 2322 bona
640 2273 832 2322 transmittant
842 2272 870 2322 in
883 2272 1017 2323 animum.

209 2333 361 2398 Parentes,
381 2340 494 2404 opinor,
512 2339 677 2408 permittunt
692 2340 744 2393 tibi
763 2341 1017 2408 cubieulumspoeu·

209 2401 290 2454 liare.
326 2421 367 2460 cn.
386 2407 518 2466 Maxime.
551 2422 601 2462 uu.
618 2409 660 2460 Eo
670 2415 699 2464 te
710 2410 850 2463 subducas
862 2409 1019 2473 melissa

212 2471 287 2540 quod
299 2477 453 2538 convivium
465 2479 599 2534 acciderit
614 2479 814 2532 turbulentius:
838 2489 868 2534 et
887 2481 954 2534 dane
972 2479 1018 2531 illi

123 2595 129 2602 „
210 2547 310 2609 potant
322 2559 355 2596 ae
365 2555 505 2613 nugantur
513 2585 521 2612 ,
543 2554 573 2600 tu
586 2547 767 2603 confabulare
778 2565 839 2602 eum
850 2565 953 2619 sponso
966 2555 1015 2602 tua

212 2608 339 2678 Christu3
359 2619 545 2684 otu-psalle,
564 2618 671 2686 gratias
682 2635 741 2686 age.
777 2619 842 2672 Non
851 2628 879 2673 te
890 2609 1017 2688 inq‘uina·
1051 2655 1053 2670 i

210 2677 255 2734 bit
263 2681 362 2734 domus
378 2691 509 2752 pateram,
527 2687 587 2740 sed
607 2691 639 2740 tu
657 2689 759 2742 reddes
782 2705 844 2742 ean
863 2693 1016 2758 puriorem.
1043 2714 1046 2723 ‹

238 2769 257 2814 ⁸)
271 2762 361 2812 Nomen
369 2768 453 2832 fletam.
567 2760 571 2767 “
860 2776 863 2781 “
976 2758 982 2774 ’
