2126 3188
215 205 271 263 164
427 145 812 258 ΡΕΒΕΘΒΙ-ΝΙΑΤΙΟ

218 307 298 362 relat
312 301 458 356 avolante
475 315 587 352 sumens
609 299 654 351 vel
670 297 745 350 dono
761 297 806 348 rel
819 295 943 348 mutuo?
987 295 1026 348 Ad

212 379 287 430 laec
298 389 384 441 quum
395 371 465 424 nihil
476 369 665 490 responderet·
679 378 804 420 assessor
823 365 928 434 capitis
941 365 1026 428 aurei,

212 443 386 505 Gratianus,
395 447 428 492 ut
439 445 482 494 cst
491 453 524 492 vc
546 455 650 502 emens,
669 439 741 504 Ego,
752 436 955 504 inquit,planc
967 448 1028 486 con·

218 513 276 566 fido
287 511 495 565 sanctissimum
506 510 596 562 virum
603 509 687 561 ctiam
693 509 863 576 gavisurum,
874 505 952 574 quod
958 519 1027 556 mor·

219 590 287 636 tuus
298 597 409 650 quoquc
419 582 477 633 suis
497 579 595 647 opibus
614 578 775 631 sublevaret
787 577 916 642 inopiam
927 587 1027 642 paupe

218 667 291 705 rum.
326 653 370 704 lbi
382 655 566 719 mystagogus
577 661 729 716 corrugare
739 645 871 708 frontem,
883 645 1028 712 porrigens

219 721 313 783 labra,
337 720 494 788 Gorgoneis
514 719 605 770 oculis
625 725 677 770 no's
699 717 836 770 obtueris-
850 729 905 767 nec
921 712 1027 773 dubito,

220 791 288 860 quin
300 797 384 856 sputo
401 789 591 858 conviciisque
604 803 656 840 nos
674 787 812 841 electurus
827 783 916 836 luerit
932 799 949 834 e
960 789 1027 834 tem·

220 861 278 928 plo,
289 859 343 911 nisi
355 859 604 926 cognovisset,nos
615 859 650 911 ab
664 856 877 924 archiepiscopo
891 865 1029 906 commen·

221 928 312 981 datos.
349 927 487 995 Equidem
507 927 649 996 utcunque
671 927 781 997 placavi
801 923 916 979 blandis
937 919 1027 974 vorbis

219 997 292 1050 irim
302 995 440 1057 imminit,
454 1007 568 1062 negans,
580 999 743 1050 Gratianum
761 994 916 1066 quidquam
930 989 1028 1043 horum

218 1059 1027 1131 ‘cxanimoloqui,scdsuomoreludcre3simulqucdrach-

220 1151 282 1187 mes
292 1137 402 1200 aliquot
415 1133 541 1199 deposui.
559 1148 561 1152 ·
577 1147 626 1185 nu.
638 1134 699 1199 Ego
715 1145 783 1182 sanc
800 1137 879 1183 tuam
892 1135 1026 1198 pietaten

215 1202 399 1258 'vehementer
410 1201 545 1270 adprobo.
582 1200 688 1254 Verum
698 1199 768 1252 mihi
779 1196 981 1266 nonnunquam
990 1213 1026 1250 sc·

222 1273 268 1327 rio
278 1273 355 1326 vonit
365 1275 393 1326 in
405 1277 541 1334 mentem,
564 1283 620 1338 quo
637 1272 732 1324 colore
748 1269 860 1338 possint
871 1269 1027 1322 excusaris

222 1343 349 1407 crimine,
368 1345 415 1412 qui
425 1348 534 1394 tontum
545 1355 628 1407 opum
638 1341 783 1393 insumunt
795 1339 910 1407 templis
923 1345 1028 1393 exstru-

90 1465 92 1472 .
161 1406 164 1416 ¹
224 1413 314 1478 endis,
334 1413 475 1476 ornandis,
486 1410 703 1478 locupletandis,
720 1417 752 1462 ut
762 1409 858 1462 nullus
869 1410 985 1461 omnino
995 1409 1029 1460 sit

222 1483 332 1535 modus.
368 1483 485 1545 Fateor,
495 1481 526 1533 in
538 1481 631 1533 sacris
642 1480 781 1542 vestibus,
793 1480 822 1530 in
832 1480 909 1531 vasis
920 1478 1027 1546 templi,
1044 1535 1046 1544 ,

223 1552 322 1604 deberi
342 1552 430 1603 cultui
450 1551 581 1604 sollemni
600 1563 678 1603 suam
701 1551 883 1620 dignitatern:
914 1549 982 1601 volo
1003 1554 1028 1602 et

221 1625 394 1674 structuram
407 1619 695 1672 haboremaiestotem
705 1634 793 1672 sunm.
829 1617 886 1672 Sed
897 1632 1027 1686 quorsum

223 1691 343 1743 attinent
351 1695 397 1741 tot
407 1688 586 1755 baptisteria,
605 1688 839 1750 totcsndelabra,
860 1693 908 1740 tot
919 1694 1025 1741 statuas

146 1757 150 1765 “
223 1759 345 1812 aur-caci
364 1772 497 1826 quorsum
508 1770 766 1828 organorum‚quac
778 1764 891 1822 vocant,
901 1758 1026 1811 immensi

223 1826 373 1894 sumptusl
391 1841 443 1878 nec
459 1827 551 1882 unicis
561 1829 675 1880 interim
687 1827 820 1881 contentiv
825 1831 941 1880 sumus:
953 1841 1026 1896 quor·

222 1909 284 1949 sum
295 1894 345 1948 ille
356 1895 479 1947 musicus
497 1895 635 1960 hinnitus,
656 1913 758 1964 magno
774 1909 860 1950 censu
873 1896 1026 1950 conducen-

222 1964 285 2029 dus,
293 1979 377 2035 quum
387 1965 502 2020 interim
513 1965 651 2021 fratreset
662 1980 775 2020 sororcs
785 1972 901 2019 nostrae
911 1968 1026 2034 vivaque

136 2089 141 2094 ,
224 2035 330 2089 Christi
347 2035 454 2102 templa
474 2035 524 2088 siti
540 2034 670 2102 fameque
685 2037 908 2092 contabescant?
944 2036 1025 2089 oali

222 2104 268 2158 his
278 2105 391 2174 quidem
400 2120 482 2158 nemo
489 2105 533 2157 vir
542 2105 606 2172 pius
617 2119 650 2157 ac
660 2104 781 2172 prudens
791 2105 907 2158 modurn
917 2121 975 2158 non
986 2105 1025 2158 dc·

222 2175 342 2229 uiderat:
361 2189 457 2227 varum
478 2176 608 2243 quoniam
629 2172 681 2226 hoc
702 2175 802 2226 vitium
822 2191 859 2228 ex
879 2166 1025 2228 iminodico

223 2245 344 2308 quadam
354 2245 460 2311 pietate
471 2243 606 2306 nascitur,
617 2241 743 2296 favorem
753 2250 941 2312 promeretur,
952 2259 1025 2313 prae
1044 2261 1046 2296 l

222 2313 319 2366 sertim
330 2315 442 2380 quotics
452 2313 824 2368 inmontemvenitdiocrsus
834 2317 952 2368 morbus
962 2317 1023 2366 isto
1044 2301 1046 2324 ⁵

221 2393 292 2444 rum,
302 2383 351 2449 qui
362 2381 470 2450 templo
485 2383 653 2450 soisopibus
668 2383 799 2450 spoliant.
834 2384 895 2437 lsta
910 2385 973 2437 iere
983 2384 1023 2436 do·

220 2454 325 2502 uantur
334 2468 352 2505 a
362 2452 522 2519 potentibus
532 2468 565 2506 ac
577 2451 745 2518 monarchis,
762 2452 889 2507 deterius
899 2454 1024 2521 periton

219 2521 252 2570 in
264 2519 353 2572 aleam
366 2535 399 2572 ac
409 2522 523 2575 bellum.
541 2523 580 2574 Et
590 2517 615 2574 si
626 2522 694 2589 quid
704 2523 769 2578 hinc
779 2522 895 2586 alienes,
907 2525 1022 2591 primun

219 2586 344 2641 habetur
357 2603 413 2705 3πο
430 2591 594 2658 sacrilegio:
617 2589 721 2646 deiude
740 2589 911 2644 contrahunt
929 2605 1022 2646 manus

220 2671 286 2708 suas
298 2659 346 2724 qui
376 2671 424 2708 arc
437 2658 542 2723 solent,
561 2659 676 2727 insuper
690 2667 720 2712 at
733 2660 892 2712 invitantur
904 2661 942 2714 ed
953 2661 1021 2730 rapi·
1042 2699 1046 2706 .

220 2738 302 2778 nam(
331 2723 421 2817 lgitur
431 2723 529 2783 harum
544 2741 641 2801 rerum¹
648 2729 738 2800 magis
752 2729 797 2784 illi
805 2729 944 2786 custodes
952 2733 1021 2790 sunt
