2150 3198
184 219 219 273 86
322 209 580 272 'coNv1v1on
603 215 846 271 PROFANUM.

186 323 268 383 rino,
285 320 365 372 sicuti
375 336 425 388 par
435 326 479 374 est
488 321 562 373 dicta
571 321 646 374 inte‘r
658 323 767 389 pocula.
788 319 842 373 Sed
853 320 924 372 satis
935 321 992 374 iam

185 391 345 458 theologiae
356 392 385 443 in
396 393 531 444 convivio.
553 392 584 443 ln
596 407 683 445 coena
694 408 803 453 sumus,
819 405 873 440 non
885 392 914 441 in
927 389 994 442 Sor·

185 462 260 520 bona
270 460 366 524 *),.'crr.
377 460 450 523 Quid
462 467 538 513 vetat
549 462 604 514 dici
615 461 780 524 Sorbo'nam,
791 461 837 511 ubi
850 461 919 512 bcne
931 473 992 511 sor·
1068 459 1070 480 ²

186 528 286 584 beturi
315 545 379 582 auc.
403 531 572 582 Sorbeamus
583 532 682 597 igitur,
702 547 759 582 non
774 530 993 597 disputemusrne
1069 565 1070 574 η

185 600 266 652 nobis
277 600 395 651 asorbis
410 599 518 651 dicatur
528 594 669 664 Sorhona,
689 601 738 653 sed
749 617 766 652 a
777 599 927 652 sorbendo.
945 611 993 650 cn.

186 670 284 736 Agite,
305 667 430 736 hospites
442 669 648 733 humanissimi,
673 685 779 737 quaeso
799 674 830 719 ut
845 667 992 719 coenulam

186 745 324 802 nostram,
348 740 414 790 licet
434 745 561 803 tenuem,
582 741 663 807 aequi
687 741 806 806 bonique
826 736 1010 788 consulatis·

186 807 325 861 Praebete
335 823 384 860 vos
395 807 497 861 hilares
514 825 546 861 ac
557 809 698 871 luhentes,
728 807 853 876 quamvis
867 806 995 858 *convivi-

186 891 233 927 um
244 883 329 930 tenue
341 880 379 930 sit
391 885 419 930 et
429 878 550 946 frugales
565 894 627 946 ego,
638 884 732 930 vestra
743 877 878 929 facilitate
893 875 993 938 frctus,

185 946 365 1000 familiariter
374 963 423 1000 ros
434 963 535 1001 vocare
546 961 604 999 sum
617 963 709 999 ausus.
722 949 759 998 Et
770 951 813 998 est
824 950 993 997 sancrester

187 1012 256 1068 mihi
267 1017 400 1071 adrentus
411 1026 631 1086 conspectusque
645 1033 701 1070 non
712 1017 795 1068 modo
806 1013 1004 1080 gratissimus„

186 1101 282 1138 verum
303 1087 389 1137 etiam
410 1088 633 1139 iucundissimus.
669 1083 865 1139 convivari.
897 1083 995 1134 Coena

186 1153 426 1216 tua,‚Christiane
450 1159 570 1224 optimc,
591 1156 687 1208 moltis
708 1154 798 1208 modis
810 1154 923 1220 elegans
935 1152 995 1202 lau·
1069 1159 1070 1216 j

186 1229 272 1290 taque
292 1223 371 1275 nobis
393 1225 513 1278 videtur.
543 1227 624 1289 Quod
636 1239 765 1287 excusas,
794 1219 824 1275 id
846 1237 933 1273 unum
944 1220 993 1272 ha·

186 1294 235 1346 bet
255 1294 448 1357 accusandum.
485 1295 556 1348 Nam
575 1297 798 1362 magnificentior
817 1291 886 1355 luit,
908 1305 994 1358 qnam
1068 1303 1070 1310 ’

188 1367 234 1414 sat
245 1368 295 1414 est.
342 1362 482 1432 Siquidem
504 1365 557 1418 hoc
572 1367 726 1418 corrririum
742 1363 887 1430 opiparum
897 1361 925 1410 in
939 1362 995 1426 pri·

189 1432 243 1482 mis
264 1447 297 1484 ac
316 1433 423 1486 lautum
444 1435 605 1494 iudicarim,
643 1435 718 1499 qaod
743 1433 863 1498 primurn
888 1429 994 1494 simpli·
1069 1467 1070 1472 ,

110 1549 114 1558 ‚
188 1501 267 1552 cibus
279 1503 383 1567 epulis,
406 1503 506 1552 deinde
519 1501 677 1562 hilaritate,
693 1504 765 1562 risu,
787 1502 873 1561 iocis,
887 1498 994 1549 soldius

188 1570 227 1620 sit
242 1570 399 1620 conditumr
420 1584 491 1635 quae
507 1573 601 1621 omnia
617 1577 713 1622 nostro
729 1570 853 1622 convivio
869 1581 925 1622 non
947 1567 994 1617 dc·

137 1672 146 1680 -
188 1638 314 1690 fuerunt.
343 1637 455 1689 ‘Verum
471 1638 506 1690 de
527 1639 703 1691 convivarum
724 1637 905 1693 numero'hic
924 1633 995 1686 mihi
1036 1681 1041 1687 .

74 1757 91 1770 ,.
189 1707 322 1776 quiddam
333 1707 360 1758 in
372 1713 494 1759 mentem
506 1709 597 1772 venit,
608 1723 678 1776 quos
687 1724 778 1776 aeque
790 1709 933 1775 pauciores
944 1705 994 1755 tri·

187 1781 256 1839 bus,
288 1791 377 1843 neque
403 1777 498 1843 plures
520 1792 619 1829 norem
641 1793 704 1830 esse
729 1785 859 1845 oportere
879 1773 993 1842 scripsit

78 1885 102 1894 ,.
188 1845 288 1897 Varro.
318 1847 388 1896 Tres
410 1849 484 1896 enim
503 1846 725 1910 suntCharites,
746 1848 843 1909 idest,
864 1845 994 1906 Gratiae,

189 1915 370 1966 humanitatis
381 1930 414 1966 ac
424 1916 638 1968 benevolentiae
653 1918 810 1984 praesides:
844 1919 874 1967 et
891 1927 992 1964 norem

189 1983 378 2046 sunthlusae,
397 1982 587 2050 honestiorum
600 1986 755 2037 studiorum
767 1985 859 2037 duces.
896 1980 994 2036 rithic
1022 1998 1027 2002 ·

187 2054 283 2106 decem
295 2057 422 2106 convivas
433 2069 493 2107 esse
503 2055 600 2119 video,
611 2054 764 2122 virginibus
774 2053 908 2120 exceptis.
926 2065 992 2103 ntro.

187 2123 263 2176 Nihil
273 2125 482 2176 convenientius
494 2124 622 2177 accidere
632 2125 732 2192 potuit.
749 2123 807 2176 Nos
817 2137 912 2173 sumus
922 2118 994 2171 Var-

188 2207 256 2245 rone
267 2196 328 2261 ipso
338 2195 422 2261 paulo
433 2196 627 2261 sapientiores.
656 2193 725 2246 Nam
736 2198 793 2244 tres
804 2191 912 2258 puellas
924 2188 1003 2256 lepi·¹'

138 2261 141 2265 ⁸
187 2261 332 2323 (liminius
351 2268 483 2330 tanquam
495 2270 552 2316 tres
565 2261 690 2315 Charites
703 2261 886 2325 adhlbuimns.
905 2258 991 2310 Dein-

188 2331 238 2394 de,
262 2332 328 2397 quia
347 2345 365 2382 a
384 2347 485 2386 noveru
504 2333 646 2385 Musarum
668 2331 754 2384 choro
774 2329 872 2397 Apollo
893 2326 994 2379 abesse

189 2413 331 2465 nunquam
352 2401 506 2452 credendus
522 2409 580 2464 est,
607 2402 670 2455 iure
686 2399 822 2453 decimum
838 2397 993 2449 adiecimus

105 2489 110 2494 ¹
189 2468 344 2520 convivam.
366 2483 412 2520 cn.
432 2471 545 2522 Poeticc
556 2473 659 2523 dixisti.
688 2468 717 2521 Si
728 2469 798 2520 mihi
808 2469 904 2519 laurus
916 2465 1014 2517 odes·

189 2545 246 2599 set,
264 2537 836 2607 ›laureacoronncaputtuumcingerem,
856 2536 996 2601 heresque

189 2607 273 2673 poeta
293 2606 446 2658 laureatus.
482 2622 548 2658 ruo.
572 2609 605 2660 Si
625 2608 717 2659 malva
733 2613 882 2659 coronatus
893 2617 996 2666 essem,

218 2707 239 2762 ⁸)
255 2705 413 2762 Gymnasium,
429 2718 468 2747 seu
477 2706 597 2758 collegium
611 2720 625 2750 a
640 2707 721 2752 cnoro
729 2705 918 2764 Manol’arisih
928 2704 1000 2750 inati-

245 2767 320 2809 tutnm
327 2777 386 2806 anno
395 2765 448 2819 post
456 2760 570 2806 Christum
579 2768 657 2807 natmn
666 2767 715 2811 iil.
