2160 3192
161 149 167 238 l

179 122 231 177 eie
309 77 831 182 *conuoeomusemue
916 76 939 173 ἶ

179 219 397 288 ubipnterserio
409 217 993 286 peraretabdieationem,intercesserunt
1039 253 1051 264 .

178 291 274 350 amiel,
296 289 443 342 ae-bellum
455 287 508 342 heu
520 287 563 341 liis
576 287 686 356 legibus
696 283 933 354 composuerunt,
956 295 993 340 ut

157 417 159 421 ,
177 363 334 414 nostratem
344 374 459 412 uxorem
475 358 623 420 ducerem,
644 373 706 410 eum
724 347 808 409 Galla
828 353 990 409 divortium
1030 397 1033 401 .

178 427 991 494 facerem‚su.llratuxorleo.intercesseruntverbaiutu·
1051 462 1057 472 ·

178 503 205 550 ri
215 501 348 566 temporis
360 499 397 562 *)‚
415 497 466 550 sed
479 504 636 549 accesserat
647 513 814 617 conpressus
825 498 990 562 proesentis

94 618 96 622 .
177 568 322 634 temporis.
340 582 387 620 su.
400 567 639 634 Quiliouitigitur
651 569 746 620 ebila
757 567 918 618 diverteret
938 581 988 619 eo.

177 635 245 688 Post
255 637 385 688 rescitum
397 640 457 699 est,
476 651 555 690 mese
572 635 672 688 Gallae
688 636 799 688 Gallum
820 651 881 687 esse
903 638 988 686 niari-

34 753 37 760 .
81 753 85 766 ,
105 766 110 781 Ι
177 711 246 770 tum,
265 705 337 758 unde
349 707 455 774 pridem
466 721 496 757 se
506 705 692 758 subduxerat„
706 717 753 756 au.
763 705 839 771 Ergo
851 720 925 755 nune
936 703 988 758 lia·

176 775 226 828 bes
237 777 371 828 uxoreml
381 791 425 828 so.
436 775 499 826 Non
509 775 565 827 nisi
575 782 686 839 praeter·
697 773 768 824 hano
778 780 915 824 octavam.
934 787 985 825 reu.

178 846 330 910 Octavam}
361 843 425 898 Non
440 847 500 896 sine
521 843 639 910 augurio
658 843 750 894 dietus
759 855 790 894 es
802 843 1004 910 Poryg'smus„
1057 843 1059 850 ’

176 913 318 967 Fortassis
338 915 450 968 steriles
471 927 565 964 omues
584 912 738 977 decessere.
767 925 811 962 ee.
830 912 890 963 lmo
908 911 989 964 nirlla

177 999 234 1034 non
246 982 360 1052 reliquit
371 984 481 1050 sliquos
492 981 600 1036 catulos
611 980 688 1032 dorni
699 995 785 1032 ureae.
796 993 843 1032 eu.
855 982 917 1048 Ege
929 995 988 1032 ma·

175 1053 227 1114 lim
239 1053 360 1104 totidem
371 1051 507 1118 gallinas,
525 1067 596 1118 quae
608 1051 675 1103 milii
687 1055 822 1116 ponerent
833 1064 886 1100 ova
898 1050 987 1102 domi.

177 1121 241 1174 Non
254 1121 348 1172 taedet
358 1120 553 1187 polygamiael
572 1135 615 1172 eo.
625 1121 702 1171 Adeo
714 1119 824 1182 taedet,
836 1122 905 1170 ut‘si
917 1118 987 1172 liueo

178 1196 278 1241 octavu
288 1195 444 1241 moreretur
455 1189 552 1255 hodie,
572 1188 703 1257 perendie
727 1189 857 1242 ducerem
873 1205 985 1240 nonem.
1051 1215 1053 1218 f

177 1257 236 1311 lmo
247 1257 301 1310 hoc
311 1275 356 1312 me
366 1259 439 1312 male
450 1257 550 1324 habet,
572 1260 646 1326 qued
661 1272 717 1309 non
734 1257 935 1318 lieeethabere
946 1259 986 1311 bi-

131 1357 141 1365 ·
177 1334 291 1391 nasset
302 1335 406 1393 ternas,
414 1345 496 1398 quum
506 1345 577 1380 unus
587 1328 678 1395 gellus
688 1329 860 1394 gallinaceus
871 1335 917 1380 tot
927 1329 986 1395 gel·

177 1397 251 1450 linas
261 1397 414 1466 possident.
426 1414 472 1454 eu.
480 1398 619 1466 Equidem
627 1396 701 1452 haud
711 1399 805 1460 mirer,
817 1399 985 1465 gallinseee,

180 1469 313 1534 siparum
325 1469 472 1536 pinguisti,
493 1468 621 1534 quodque
634 1475 741 1520 tantum
753 1469 824 1520 senii
836 1469 890 1519 tibi
899 1468 984 1520 eolle-

178 1537 262 1606 geris.
281 1537 357 1589 Nihil
368 1540 444 1589 enim
457 1552 544 1604 aeque
553 1537 696 1598 *acceleret
706 1543 891 1601 senectutem,
900 1551 984 1604 quam

178 1603 344 1658 immodicae
355 1612 439 1673 atque
450 1606 667 1672 intempestivae
678 1609 915 1674 compotationes,
936 1608 984 1656 im·

179 1680 309 1741 potentes
321 1689 432 1726 emeres
442 1674 599 1738 mulierum,
607 1683 636 1734 et
646 1677 779 1729 salselles
791 1678 985 1728 imnioderntn.

179 1743 235 1796 Sed
246 1741 308 1812 quis
320 1745 371 1794 elit
381 1741 534 1796 familiaml
545 1741 639 1800 rodis
650 1748 727 1800 obitu
738 1751 883 1812 parentum
894 1761 986 1798 neees-

179 1813 216 1866 sit
228 1829 272 1864 res
285 1813 446 1874 mediocris,
458 1820 486 1864 et
498 1815 622 1880 gnaviter
632 1815 779 1874 laberentur
788 1817 924 1868 manibus.
935 1829 983 1867 uo.

177 1879 329 1934 Deseiristi
337 1881 426 1949 igitur
437 1897 453 1932 e
464 1883 571 1936 literisl
603 1902 646 1938 eo.
658 1885 747 1939 Plone
756 1886 790 1936 nb
800 1886 892 1952 equis,
909 1884 983 1953 quod

178 1950 258 2004 aiunt
265 1987 273 2014 ,
305 1949 341 2010 ad
352 1951 460 2014 asinos3
480 1966 515 2004 ex
526 1952 712 2020 heptateelino
723 1955 813 2007 fecem
824 1952 982 2006 monoteeh-

84 2041 85 2048 ¹
177 2013 230 2072 nus
248 2015 336 2073 luber.
377 2034 424 2072 eu·
451 2019 557 2086 Miser,
590 2027 676 2076 toties
696 2025 749 2076 tili
768 2025 900 2076 ferendus
921 2029 981 2075 erat

177 2090 283 2155 luctus,
303 2091 571 2144 totieseaelibatosl
592 2109 636 2144 ee.
647 2095 792 2161 Nunquam
804 2089 857 2146 rixi
869 2094 979 2145 coelebs

169 2159 254 2212 ,ultra
265 2159 325 2220 dies
337 2160 442 2222 decem,
453 2175 619 2230 semperque
628 2179 702 2217 nova
712 2169 799 2229 nupte
810 2170 929 2214 veterem
940 2161 979 2230 l'u·

177 2235 252 2280 etum
263 2227 378 2295 expulit.
391 2232 508 2282 Habetis
517 2231 589 2284 bona
600 2233 654 2284 lide
664 2235 739 2284 ritae
751 2245 828 2282 meae
836 2245 977 2284 summam.

176 2301 267 2364 litque
279 2299 385 2349 utinam
392 2294 536 2370 Pampirus
547 2307 642 2354 narret
652 2303 731 2353 nobis
742 2317 808 2354 suae
819 2317 929 2370 quoque
940 2301 977 2351 ri·
1003 2319 1007 2324 ·

177 2371 224 2418 tae
234 2365 368 2431 fabulam,
379 2370 427 2434 qui
436 2374 506 2444 satis
516 2371 591 2424 belle
602 2367 697 2438 portet
708 2366 840 2424 aetatem.
860 2371 938 2433 Nam,
949 2371 977 2422 ui

204 2485 224 2543 ⁸)
240 2481 330 2533 lllludit
339 2487 367 2532 ad
376 2493 513 2536 sententiam
522 2495 814 2554 fuescen-ultorumqmn
823 2501 947 2552 sequnntur
954 2491 983 2540 st'
1044 2527 1046 2532 -

64 2535 70 2543 “
143 2596 145 2601 ,
215 2541 354 2596 'Theologi
385 2545 653 2608 siqniioicstpuellse,
670 2552 977 2602 elucemte‚etrnoxlisleat

227 2607 283 2667 'rem
292 2613 342 2643 enm
352 2600 405 2649 ille,
419 2606 494 2650 ratum
507 2612 543 2651 est
555 2606 734 2658 matrimonium,
757 2611 852 2666 perinde
867 2611 931 2664 qussi
944 2610 976 2654 di·

236 2659 327 2700 meet:
347 2656 406 2698 deco
416 2661 447 2701 tc.
796 2665 797 2668 ’
