2150 3198
117 174 134 227 7
217 214 269 270 124
339 186 895 267 couvivruunamcrosuu.

218 331 281 368 iram
294 314 365 368 talia
377 319 470 368 essent
480 309 833 380 colloquiamonacho‘rum
845 309 1027 373 omnium,rel

198 377 204 384 ’
219 401 280 436 eum
291 387 378 436 sacris
393 383 564 451 virginibus,
592 381 675 448 quale
685 379 740 432 fuit
752 379 822 432 illud
835 377 942 432 ethnici
954 382 1028 430 senis

219 455 387 521 colloquium
408 468 470 504 cum
486 451 605 504 ethnicis
625 450 884 514 adolescentibus.)
898 463 949 516 ao.
969 451 1026 500 iam

220 523 321 589 aliquis
333 522 501 582 causabitur,
513 520 682 586 colloquium
696 535 757 572 esse
768 518 920 569 confictum
930 518 1029 570 acice·

220 607 298 644 rone.
335 597 383 642 cri.
403 589 499 644 isthuc
514 605 576 641 mea
593 603 649 642 non
664 590 759 656 magni
774 587 874 648 refert,
894 588 955 639 sire
977 585 1029 639 hoc
1073 623 1074 640 2

220 661 312 714 laudis
322 660 465 712 tribuatur
476 660 592 720 Catoni,
614 658 663 724 qui
684 657 754 711 talia
769 658 893 709 senserit
914 655 1030 708 dixerit

221 745 287 796 que:
308 730 367 781 sive
380 729 523 788 Ciceroni,
544 729 623 780 ouius
633 729 742 779 animus
753 727 907 778 sententias
918 730 977 776 tam
990 723 1030 776 di·

220 801 298 850 sinas
309 797 481 866 cogitatione
492 796 655 862 complexus
665 797 718 860 sit,
749 797 829 848 cuius
842 793 968 845 calamus
983 809 1028 846 res

221 867 349 935 egregias
361 867 423 933 pari
434 864 566 918 facundia
577 865 746 930 depinxerit.
779 865 942 929 Quanquam
955 863 1029 935 equi·

220 936 283 990 dem
294 936 432 997 arbitror,
441 940 470 986 et
482 933 615 988 Catonem
622 967 630 994 ,
647 931 758 983 ‘etiamsi
769 946 824 982 uon
837 931 910 982 dix-it
921 933 1029 994 eadem,

218 1011 315 1058 tamen
325 1004 428 1057 similia
438 1002 530 1057 dicere
540 1000 653 1053 solitum
664 999 853 1068 incolloquiis.
882 999 1029 1062 Neeenim

198 1070 202 1080 '
219 1082 278 1126 tam
294 1073 523 1139 impudensoerat
543 1069 582 1122 Μ.
601 1070 725 1133 Tullius,
746 1077 778 1121 ut
790 1069 877 1120 aliurn
888 1070 1029 1122 Catonem

162 1187 165 1192 ,
220 1143 348 1203 finxerit,
368 1155 450 1207 quam
472 1140 571 1202 luerltr
602 1140 668 1192 etin
680 1139 795 1206 dialogo
814 1153 914 1204 parum
934 1142 1030 1191 irremi-

220 1211 296 1262 nerit
306 1209 417 1271 decori,
434 1208 509 1276 quod
527 1209 556 1260 in
573 1209 670 1276 primis
685 1207 866 1274 spectandum
878 1209 963 1260 estin
975 1206 1028 1260 hoc

192 1307 194 1311 ·
220 1279 320 1348 scripti
329 1291 446 1346 genere,
469 1279 636 1345 pracsertim
658 1293 742 1344 quum
760 1276 1040 1334 eiusrirlmemoris'

220 1363 318 1402 recens
329 1346 420 1402 adhuc
432 1347 561 1403 haereret
575 1347 674 1401 animis
690 1349 750 1400 eius
758 1348 860 1398 aetatis
870 1345 1029 1399 honrinum.

220 1415 1029 1488 rer.Vehementerprobalrileestquodnarrasrseddicam,

221 1486 288 1559 quid
299 1487 367 1539 milri
376 1493 484 1540 venerit
494 1489 523 1538 in
535 1493 670 1547 mentem,
679 1492 709 1537 te
720 1485 865 1538 recitante.
880 1485 1026 1554 *Saepenu-

220 1571 428 1612 mero-mecum
444 1557 598 1609 admiratus
608 1569 683 1618 sum,
704 1571 789 1624 quum
810 1569 907 1608 omncs
928 1561 1027 1622 optent

125 1642 133 1649 ·
220 1626 455 1694 longaevitatem,
481 1629 648 1676 etmortem
671 1623 851 1687 exhorreant,
873 1626 1027 1678 tamenrix

224 1709 379 1764 quenquam
396 1694 546 1760 comperiri
562 1698 618 1744 tam
630 1692 754 1758 felicem,
781 1708 837 1746 non
847 1693 911 1747 dico
922 1709 1029 1758 senem,

198 1826 200 1830 ¹
222 1765 272 1818 sed
282 1763 467 1830 provectioris
480 1765 584 1816 aetatis
594 1760 745 1826 hominem,
774 1763 823 1831 qui
834 1769 964 1831 rogatus,
983 1778 1028 1827 an,

222 1833 355 1894 uidetur,
379 1833 448 1886 velit
459 1847 671 1899 repuerascere,
700 1844 801 1884 usurus
814 1843 862 1898 per
874 1833 969 1884 omnia
977 1833 1027 1884 iis·

219 1902 285 1954 vdem
297 1901 379 1955 bonis
391 1917 424 1954 eo
435 1902 528 1966 malis,
551 1917 622 1970 quae
634 1903 674 1953 illi
686 1901 739 1953 mm
754 1901 939 1970 contigissent
948 1904 977 1953 in
988 1904 1028 1954 ri-

222 1977 267 2035 ta,
284 1971 461 2038 responderit
471 1973 544 2024 idem
557 1971 630 2038 qnod
642 1973 711 2024 Cato
722 1971 803 2024 dicit:
823 1971 989 2037 praesertim
1001 1971 1028 2024 si

221 2040 330 2094 recolat
341 2040 449 2104 aninlo,
467 2041 596 2108 quicquid
612 2042 691 2092 annis
706 2041 855 2114 retroactis
870 2057 921 2094 scu
932 2041 1045 2106 triste,-

221 2125 273 2163 eeu
289 2109 565 2179 laetumobtigisset.
599 2110 670 2164 Nam
685 2108 849 2177 frequenter
859 2116 888 2162 et
898 2112 1028 2163 suavium

219 2193 313 2233 rerum
333 2180 556 2232 recordationi
576 2195 639 2232 cum
661 2177 769 2246 pudore
789 2178 835 2230 rel
849 2177 1029 2232 eum'consci·

221 2251 315 2301 entiae
326 2250 455 2304 molestia
465 2248 612 2304 coniuncta
621 2254 711 2310 estut
721 2249 830 2300 animus
841 2249 875 2301 nh
888 2248 932 2300 liis
942 2249 1028 2302 etiam

220 2316 379 2370 recolendis
399 2333 454 2370 non
471 2322 560 2372 minus
570 2317 740 2380 abhorreat,
756 2332 838 2385 quam
849 2333 870 2370 a
887 2319 1029 2370 tristibus.

219 2385 253 2436 ld
265 2385 366 2450 opinor
374 2389 453 2439 nobis
465 2388 622 2442 indicarunt
631 2386 829 2454 sapientissimi
839 2389 960 2454 poetae,
978 2386 1027 2455 qui

183 2517 186 2522 Ι
221 2454 359 2517 scribunt,
388 2461 447 2512 tum
463 2457 573 2510 demum
590 2459 697 2508 animes
708 2455 918 2523 capidesiderio
930 2471 1025 2524 corpo·

220 2523 469 2589 runr'relictorum,
497 2534 677 2594 posteaquam
690 2539 725 2577 ox
735 2538 816 2578 anrne
829 2521 958 2580 Lethaeo
969 2527 1025 2588 lon·

212 2592 391 2658 sgnbihorint
403 2595 514 2649 oblivia.
541 2611 589 2648 un.
611 2592 762 2647 lististlruc
772 2595 900 2662 prolecto
911 2596 1027 2664 dignum

222 2660 422 2724 admiratione,
444 2663 555 2717 etmihi
565 2677 674 2786 quoqpe
685 2671 856 2730 compertum
869 2665 900 2716 in
910 2665 1028 2722 nonnul·

221 2727 265 2782 lis.
297 2728 577 2803 Verumilludquam
586 2747 626 2785 mr
666 2733 877 2800 blandiebatur3
908 2733 969 2790 Nec
985 2749 1025 2790 me

397 2856 402 2866 a
