2126 3188
212 141 263 194 336
480 128 747 186 PUERPERA.

212 257 277 296 mox
288 240 406 302 animal,
426 243 567 306 postremo
578 235 671 288 bomo.
706 247 752 286 an.
764 233 846 295 Quod
858 233 945 301 dieis,
957 237 1011 289 ior·

210 324 286 365 tasse
297 326 350 361 non
364 310 515 361 absurdum
525 306 651 356 videatur
661 303 816 356 Aristoteli.
846 303 939 358 Nobis
951 321 1011 374 pro·

105 421 120 438 s
210 381 334 434 babillus
347 386 403 442 est,
422 377 504 430 simul
514 392 574 427 cum
587 375 645 426 vita
656 372 764 424 infundi
774 373 944 428 rationalem
956 378 1010 426 ani·

210 466 297 513 mam,
318 449 369 500 scd
382 463 465 515 quae,
482 446 558 498 velut
569 443 720 511 igniculus,
737 443 870 516 immersa
880 447 1016 497 materiae

210 535 296 586 supra
306 518 417 570 modum
427 516 556 568 humidae
568 513 689 566 nondum
707 517 791 588 queat
801 527 933 580 exserere
945 516 1017 566 vires

211 605 284 642 suas.
314 601 359 638 ra.
380 589 492 638 Animus
503 585 592 653 igitur
601 583 727 648 illigatus
740 585 782 634 est
794 582 922 648 corpori,
943 582 1018 651 quod

138 662 140 670 '
212 660 272 726 agit
283 655 448 723 movetquei
466 669 515 706 cu.
527 655 589 706 Non
599 653 682 704 aliter
691 666 772 718 quam
784 651 900 704 testudo
911 651 1016 716 domui,

212 743 294 796 qnam
305 719 471 778 circumfert.
490 739 533 776 aa.
545 723 614 775 Eam
627 726 720 772 movet
732 722 858 788 quidem,
874 721 925 773 sed
937 722 1019 774 sicut

212 798 295 850 simul
313 801 471 857 mercatur,
491 791 722 862 quemadmodum
743 791 913 856 grrbcrnator
928 789 1018 843 tlectit

213 881 311 918 narem
323 880 377 932 quo
388 865 456 925 vult,
476 861 527 914 sed
538 866 597 930 ipse
607 859 720 912 interim
731 877 792 912 cum
804 859 868 911 nasi
878 868 1014 914 movetur.

214 949 262 988 uu.
284 934 343 986 lmo
375 932 585 986 uemadmodum
596 931 704 982 sciurus
714 930 804 981 volvit
815 943 929 982 caream
941 937 1014 982 rota·
1056 929 1058 964 ἵ

215 1002 308 1076 tilem,
328 1001 356 1054 rit
395 1005 440 1056 ilis
452 1003 563 1052 interim
576 1003 682 1064 etipse.
704 999 752 1048 rs.
761 991 807 1050 Sic
818 1001 849 1050 et
859 997 949 1066 afficit
960 1001 1014 1052 aui·

217 1088 263 1127 ma
275 1087 389 1138 corpus,
411 1086 444 1121 ac
454 1069 576 1120 vicissim
588 1066 725 1119 afficiturt
754 1067 887 1120 satane
898 1071 974 1136 quod
983 1067 1016 1120 ad
1057 1065 1059 1120 l

218 1142 394 1208 operationes
410 1139 522 1191 attinet.
541 1153 585 1188 aa.
596 1137 673 1205 Ergo
685 1136 758 1204 quod
770 1137 805 1188 ad
816 1144 947 1191 naturam
957 1155 1013 1207 per·

191 1243 195 1248 -
218 1211 303 1271 tinet,
323 1223 372 1276 par
392 1215 435 1260 est
457 1207 550 1260 aalma
569 1205 708 1260 morionis
726 1210 834 1258 animae
850 1205 1014 1260 Salomonis.

153 1289 164 1312 ⁸
218 1293 266 1332 uu.
279 1277 357 1330 Nibil
371 1276 529 1330 absurdum.
548 1291 592 1330 m.
602 1277 700 1343 ltaque
710 1283 793 1342 pares
804 1283 870 1328 sunt
881 1285 910 1330 et
920 1277 1017 1347 angeli,

218 1347 445 1416 quandoquidem
460 1352 555 1400 carent
572 1344 704 1407 materia,
723 1361 795 1466 quae
815 1347 903 1413 parit,
924 1354 956 1400 ut
972 1351 1018 1410 ais,
1054 1365 1059 1464 1

217 1418 455 1486 inaequalitatem.
483 1432 530 1469 ao.
552 1415 610 1470 lam
626 1416 725 1482 satisp
746 1413 910 1484 ilosopbiae.
948 1417 1019 1479 Quin

219 1487 314 1554 potius
333 1485 401 1538 haec
421 1485 570 1554 theologos
586 1487 750 1554 torqueant3
770 1500 821 1536 nos
833 1484 887 1538 boc
896 1500 1020 1553 agamus,
1054 1473 1059 1542 l

219 1556 293 1624 qnod
304 1555 453 1622 coepimus.
477 1553 507 1604 Si
519 1561 581 1606 tota
592 1561 682 1606 mater
694 1556 820 1622 essenis,
842 1571 909 1607 cura
921 1571 1018 1623 corpu·
1054 1566 1058 1579 ’

221 1625 326 1676 sculum
339 1621 472 1676 infantuli
482 1623 537 1686 tui,
553 1637 607 1690 quo
619 1632 801 1690 posteaquam
812 1639 874 1678 seso
885 1626 1019 1692 explicuit

221 1710 256 1747 ex
266 1693 415 1762 vaporibus
425 1694 524 1744 mentis
534 1693 765 1760 igniculus‚b0nis
776 1700 804 1744 ct
815 1695 971 1748 commodis
983 1710 1020 1748 or·

221 1765 301 1828 garris
321 1766 424 1813 utatur.
461 1762 579 1821 Quoties
597 1762 677 1814 audis
693 1777 808 1829 puerum
819 1769 897 1814 tuum
907 1765 1018 1831 ragien-

220 1837 287 1893 tcm,
298 1829 379 1882 crede
390 1829 467 1882 illum
480 1829 533 1881 boc
545 1829 594 1883 abs
604 1838 633 1884 te
644 1829 785 1899 flagitare.
804 1833 983 1896 onunvfflcs
993 1835 1019 1884 in
1058 1859 1060 1870 v

219 1906 335 2020 pectore
346 1898 589 1952 duosistosveluti
600 1900 749 1953 fonticulos
757 1901 922 1970 turgidosac
931 1902 1020 1954 lacteo
1059 1889 1060 1950 Ῐ

233 1970 328 2038 iquore
341 1967 385 2020 vel
396 1973 493 2035 suapte
504 1975 603 2036 sponte
614 1977 769 2034 manantes,
785 1970 877 2032 crede,
894 1977 1020 2024 naturam
1058 1975 1060 1994 ⁴

221 2039 371 2093 admonere
379 2043 408 2092 te
416 2041 459 2100 tui
471 2039 564 2090 officii.
582 2037 691 2104 Alioqui
703 2055 784 2106 quum
794 2039 886 2090 intans
900 2040 959 2094 iam
970 2039 1022 2094 fari

222 2109 421 2172 meditabitur,
441 2122 475 2158 ac
485 2105 592 2158 blandn'
602 2107 726 2161 balbutie
737 2113 765 2160 tc
776 2121 923 2161 mammam
939 2126 1019 2163 voca·

221 2175 278 2240 bit,
299 2195 353 2245 qua
365 2173 523 2232 fronte-boc
532 2175 629 2228 audies
642 2177 735 2242 abeo,
757 2180 802 2230 cui
815 2193 964 2232 mammam
976 2195 1019 2231 ne-

223 2247 307 2310 garis,
329 2247 402 2299 etad
418 2244 615 2298 conductitiam
626 2259 776 2309 mammam
786 2246 937 2312 relegarit,
958 2263 1024 2315 perf

223 2311 290 2363 inde
301 2315 379 2381 quasi
393 2329 492 2383 caprae
504 2317 607 2374 autori
619 2315 801 2369 subiecissesl
828 2315 884 2366 Ubi
900 2317 956 2368 iarn
970 2319 1020 2369 erit

224 2379 302 2430 tandi
322 2392 432 2448 potens,
462 2383 574 2453 quidsi
594 2389 622 2436 tc
633 2399 684 2452 pro
695 2391 784 2437 matre
798 2392 881 2438 vocet
891 2386 1019 2437 semima-
1051 2420 1060 2446 ,

225 2449 315 2498 trenrl
342 2451 457 2520 virgam
473 2454 620 2520 expedies,
640 2454 748 2521 opinor.
784 2455 868 2521 Atqui
879 2454 925 2506 rix
938 2456 1020 2508 serni·
1053 2459 1060 2497 ι’

225 2524 376 2588 matcrsest,
395 2537 465 2586 quae
475 2528 587 2575 recusat
598 2521 686 2587 clerc,
702 2523 776 2592 quod
788 2525 904 2591 peperit.
924 2521 1023 2578 Potior

225 2589 368 2651 geniturae
385 2602 449 2652 pars
468 2598 513 2643 est
531 2593 681 2644 nutricatio
696 2595 786 2645 teneri
801 2591 894 2661 puelli.
932 2593 1023 2645 Aliter

225 2655 295 2704 enim
309 2669 362 2706 non
373 2655 461 2706 solum
473 2659 559 2725 lscte,
570 2662 618 2714 sed
630 2667 659 2714 et
670 2660 823 2731 fragrantia
833 2664 953 2715 materni
966 2679 1023 2715 cor·
1059 2667 1060 2730 j
