2132 3196
191 187 209 239 o
328 181 575 240 saulitarum
592 178 841 236 Fortunata.

289 307 303 331 t
338 302 343 310 ·
439 286 568 339 Salutate
582 300 636 353 per
655 265 759 338 aliurn.=

241 369 410 424 Frobenium
421 369 595 422 iubebismeo
602 371 712 423 nomine
719 369 827 422 salvere
834 368 997 436 plurimum.

189 440 375 495 Erasmiolum
399 439 466 491 item
487 452 549 490 mea
569 454 655 492 causa
675 439 811 492 salutabis
834 438 997 506 diligenter.

188 513 259 561 'l'um
275 510 358 562 matri
377 507 511 562 Gertrudi
529 523 611 575 quam
631 514 712 578 potes
732 507 937 561 officiosissime
959 522 996 560 ex
1058 509 1059 526 ¹

172 588 233 632 ‘me
244 579 361 631 salutem
374 578 469 630 dicito.
480 576 542 640 Dic,
552 593 596 631 mc
607 579 733 631 cornibus
744 581 835 630 omnia
845 578 923 631 laets
932 592 997 644 pre·

76 673 94 712 x,
191 649 259 702 cari.
278 649 418 702 salutabis
429 645 497 698 mihi
510 647 690 699 sodalitatem
701 647 861 716 diligenter.
880 648 996 702 Amicos
1057 657 1059 664 ’

79 740 80 745 ’
180 733 285 776 omnes
297 718 365 772 meis
378 715 470 770 verbis
488 715 620 767 salutato.
659 716 746 768 Uxori
764 716 884 772 salutem
900 729 934 766 cx
950 731 997 768 ure
1055 719 1059 774 j

139 791 159 802 '*
191 783 378 840 annuriciabis.
392 785 487 840 Fratri
498 791 545 834 tuo
557 785 585 846 iu
596 785 686 837 literis
696 785 752 835 tuis
763 784 942 836 nreonomine
951 801 996 837 sa·
1058 783 1059 794 ¹

190 855 277 907 lutem
288 852 439 906 adscribes.
474 853 542 905 Mea
552 855 612 907 vice
626 855 761 906 salutabis
771 855 880 906 aillnem
892 867 997 907 mount.

7 933 8 938 ’
84 945 86 950 ’
189 922 329 991 Numquid
339 921 395 976 tuis
406 919 522 974 mandas
535 924 653 988 permel
683 923 766 991 Rerp.
787 923 824 974 Ut
834 922 996 974 roctevale·
1057 941 1059 1026 ἱ

191 999 247 1046 aut.
276 993 377 1054 Estne,
397 990 470 1058 quod
481 990 551 1043 velis
565 991 601 1042 ad
612 998 676 1044 tuos
688 991 806 1058 perferri
817 1007 861 1042 rue
872 993 972 1042 nuncio
985 993 998 1042 i

190 1060 530 1132 Resp.Multan1salutem
541 1061 679 1124 omnibus,
691 1060 739 1112 sed
753 1060 900 1126 praecipue
912 1062 996 1128 patri.
1021 1063 1026 1070 “

79 1141 87 1149 “
192 1133 272 1192 Sunt,
283 1146 351 1198 quos
361 1145 410 1196 per
420 1145 464 1183 me
474 1137 525 1182 tuo
535 1131 646 1183 nomine
658 1130 727 1182 velis
740 1128 894 1181 salutatosi
912 1129 997 1197 Resp.

193 1203 310 1262 Omnes,
331 1199 477 1266 quideme
489 1201 734 1265 percontabuntur.
750 1198 890 1260 Salutem,
912 1214 996 1266 quam

110 1321 113 1328 ζ
134 1291 137 1302 ·
192 1269 263 1324 mihi
273 1271 308 1321 ab
320 1269 416 1320 amicis
427 1269 563 1331 attulisti,
583 1268 642 1321 illis
653 1267 742 1318 multo
755 1281 816 1317 cum
826 1265 943 1321 foenore
953 1283 998 1320 re·

151 1365 153 1374 =
193 1339 274 1392 seres.
309 1339 430 1400 Quorum
446 1337 558 1389 nornine
575 1335 641 1388 mihi
652 1336 770 1388 salutem
787 1337 924 1399 attulisti,
943 1335 996 1389 hos

194 1423 288 1460 orienes
300 1408 352 1460 mei
362 1407 454 1476 gratia
464 1407 587 1458 uicissim
594 1404 732 1456 salutabis
740 1411 877 1456 accurate.
887 1405 917 1455 la
928 1407 1006 1457 anri-1

194 1477 233 1528 cis
244 1476 400 1528 salutandis
411 1477 448 1527 sis
458 1481 561 1542 qudeso
573 1472 640 1525 mihi
651 1472 783 1523 vicarius.
823 1472 995 1528 salutassem

109 1598 112 1614 ,
190 1557 327 1613 'generum
347 1560 438 1597 meum
458 1558 508 1609 per·
523 1543 634 1606 literas3
654 1541 703 1593 sed
714 1547 744 1592 tu
754 1538 822 1590 mihi
833 1541 905 1608 opud
916 1543 996 1595 illum

193 1615 331 1680 epistolae
350 1614 412 1664 vice
430 1611 529 1664 fueris.
565 1611 644 1662 Heus
660 1609 742 1672 licus,
773 1624 826 1675 quo
838 1612 997 1678 properati
1055 1613 1058 1628 ⁴

191 1682 273 1750 Καρ.
291 1681 559 1734 lteotalmvanium.
573 1678 683 1732 Resiste
693 1679 848 1746 paulisper,
858 1687 911 1745 est,
920 1681 996 1749 quod

192 1753 245 1802 tihi
256 1747 394 1800 mandem.
415 1748 494 1817 Resp.
505 1750 590 1816 Atqui
603 1748 692 1816 pediti
703 1765 756 1799 nou
768 1751 898 1804 convenit
909 1753 999 1814 sarco,

192 1836 238 1871 na.
260 1815 388 1879 (luidrci
401 1813 461 1865 esti
481 1817 563 1882 Reae.
586 1817 811 1882 UtGoclenium,
832 1819 995 1888 liutgerum,

192 1885 995 1956 loannemCampensem,totumquechorumtrilinguem*),

194 1955 263 2008 mihi
274 1954 388 2006 salutes.
418 1950 500 2020 Resp.
523 1951 552 2003 Si
564 1949 720 2003 nihil-aliud
730 1957 850 2023 imptmis
861 1958 994 2021 sarcinae,

192 2030 308 2093 praeter
317 2021 675 2087 salutestacilepertetam.
685 2022 769 2088 Atqui
778 2042 812 2078 ne
823 2027 912 2094 gratis
923 2027 996 2079 istud

194 2093 296 2156 iacias,
317 2105 427 2159 precor,
447 2098 480 2143 ut
490 2091 542 2144 tibi
556 2105 666 2159 quoque
678 2091 757 2143 eunti
767 2105 801 2144 ao
811 2096 939 2162 redeunti
952 2109 995 2148 sa·

194 2164 238 2214 lus
249 2163 287 2214 sit
297 2176 398 2213 conces.

310 2246 443 2304 Reducem
464 2248 592 2314 quomodo
612 2248 735 2300 solutore
755 2253 890 2314 operteat.
1052 2283 1058 2382 ἢ

1054 2389 1057 2444 l

234 2330 362 2385 *Salvum
373 2338 401 2384 te
412 2333 542 2385 advenire
553 2333 715 2401 gaudemus.
737 2331 878 2402 Sospitam
893 2330 999 2396 adesse,

199 2402 299 2469 volupe
310 2407 363 2453 est.
402 2403 444 2453 'l'e
454 2403 533 2453 nobis
548 2403 689 2455 redditum
705 2417 780 2464 esse,
799 2401 937 2467 rusluptoti
948 2410 998 2454 est.

199 2471 444 2522 Gratulanurrtibi
462 2471 568 2533 felicem
585 2473 715 2525 reditum.
767 2470 865 2521 Gratia
886 2472 998 2540 superis,

199 2541 273 2610 quod
285 2541 517 2594 uobisiocolumis
528 2542 654 2595 redieris.
695 2542 757 2603 quo
778 2539 926 2591 molestius
945 2540 999 2592 fuit

227 2656 245 2699 ⁸)
260 2649 348 2750 Bidana
357 2627 457 2702 amicos,
474 2651 618 2702 Helmicee,
634 2649 750 2700 Graecae.
767 2653 792 2694 et
799 2650 896 2696 Latium
909 2651 996 2707 liumus

299 2721 324 2751 oc
349 2720 368 2749 Ι.
