2126 3188
281 197 630 263 nucunrs‘rrcn.
732 164 738 184 ²
808 195 861 252 201
909 183 963 210 '¹

53 311 157 381 perans
167 304 236 368 sibi,
253 302 372 368 Valeat,
385 302 492 372 inquit,
503 302 556 354 illa
566 302 688 355 certatio
697 338 705 365 ‚
714 302 795 356 coins
806 317 859 372 ego

53 391 90 436 ne
112 389 212 427 nomen
233 375 343 442 quidem
359 369 601 442 unquamaudiri,
620 375 817 426 tantumssabest
830 383 861 424 ut

52 451 178 498 teneam:
199 443 245 496 dio
260 443 327 496 mibi
343 444 420 495 bona
430 443 498 505 tide,
518 441 712 512 longationem
722 448 802 496 tenes
814 458 862 500 ex·

53 513 136 566 actet
152 512 221 582 l’hy,
232 514 322 581 inquit
333 514 393 577 ille,
407 514 444 564 ad
455 527 589 580 unguem3
600 509 651 562 se'd
662 510 791 576 displicet
801 513 862 564 lon·

53 583 275 649 gitudo.²Quum
286 583 422 634 Balbinus
431 589 571 650 rogasset,
582 590 716 648 quantum
726 581 864 646 temporis

1 658 3 663 ’
52 651 260 718 requireretur3
289 653 427 715 Nimium,
449 655 476 709 in
515 653 554 716 it;
576 657 655 702 totus
673 665 863 717 peneannus3

53 719 108 772 sed
117 722 228 771 interim
241 717 383 774 tutissima
393 729 444 774 est.
508 721 645 783 elabora,
666 719 758 787 inquit
769 718 864 770 Balbi·

51 805 121 853 nus,
142 790 253 842 etiamsi
268 798 329 844 toto
348 792 460 845 biennio
477 793 516 843 sit
526 806 611 858 opus,
632 789 714 842 niodo
726 788 797 841 tides
808 789 864 846 arti
924 849 932 858 ¹

53 867 131 912 tuae.
159 857 198 910 Ut
208 873 267 910 rem
277 863 306 912 in
317 877 407 929 pauca
418 861 568 924 conferam,
581 862 712 912 convenit
721 859 794 911 inter
806 873 868 921 sos,

1 947 2 986 1
54 935 90 982 ut
103 929 249 994 negotium
260 932 483 995 aggrederentur
494 932 566 984 olam
577 932 608 982 in
616 929 733 982 aedibus
743 927 865 993 Balbini,
897 935 900 941 '

53 997 109 1051 hac
119 997 194 1065 lego,
204 1003 236 1048 ut
246 997 294 1048 ille
305 1000 500 1064 Suppeditant
511 1015 634 1068 operam,
646 1000 782 1052 Balbinus
791 1013 865 1050 sum·

1 1076 2 1128 ζ
55 1074 150 1136 ptum3
170 1068 278 1119 lucrum
292 1083 425 1136 exaequo
437 1088 471 1126 ae
485 1073 560 1124 bono
577 1069 758 1122 divideretur:
778 1084 864 1137 quan·

55 1152 140 1206 quam
151 1138 289 1205 impostor
300 1139 443 1190 modestus
460 1142 535 1193 ultro
545 1147 635 1193 totum
646 1139 768 1203 lucrum,
787 1137 864 1206 quod
951 1175 965 1210 ,·

1 1223 2 1256 r
54 1205 246 1274 provenisset,
269 1207 390 1260 Balbino
413 1206 573 1264 deferebat:
593 1213 724 1279 utrinque
739 1213 883 1262 iuratum*

56 1281 102 1330 est
114 1276 148 1327 de
158 1276 364 1344 silentio,quod
375 1275 484 1329 faciunt
495 1277 542 1343 qui
553 1281 693 1343 mysteriis
704 1281 862 1332 initiantur.

55 1345 116 1398 lam
126 1346 204 1399 illico
215 1356 380 1400 numeratur
390 1347 517 1412 pecunia,
527 1345 600 1398 unde
613 1349 717 1400 artifex
727 1363 864 1402 mercare-

55 1416 207 1480 turellas,
227 1418 317 1479 vitra,
339 1417 488 1478 carbones,
510 1415 672 1483 reliquaque
691 1431 764 1483 quae
776 1417 865 1468 adin·

1 1528 2 1534 ,
55 1487 218 1540 struendam
229 1487 368 1541 officinam
380 1485 528 1566 nertinent.
554 1485 596 1537 lbi
607 1490 703 1538 noster
714 1485 864 1540 alcumista

56 1557 182 1608 suaviter
191 1558 220 1608 in
231 1563 338 1620 scorta,
358 1557 449 1608 aleam
460 1561 489 1609 et
499 1556 721 1622 compotationes
733 1555 865 1624 decoquit
878 1614 882 1624 ,

1 1663 2 1666 ¹
57 1639 120 1678 eam
133 1629 285 1692 paeoniam.
317 1642 365 1680 ru.
375 1626 439 1679 Hoc
451 1624 578 1678 nimirum
592 1632 635 1678 est
646 1632 756 1678 vertere
771 1642 865 1678 rerum

55 1696 175 1760 species.
198 1709 243 1747 nn.
259 1697 381 1764 Urgente
392 1695 520 1758 Balbino,
533 1704 565 1748 ut
578 1712 636 1748 rem
648 1694 865 1764 aggrederetur:

56 1765 256 1827 Annontenes,
267 1767 367 1830 inquit,
377 1765 460 1830 illud,
476 1765 627 1818 Dimidium
640 1765 717 1826 faeti,
732 1765 780 1832 qui
790 1766 864 1820 bene
948 1779 951 1786 “

1 1832 2 1856 ³
57 1834 168 1900 eoepit,
184 1831 285 1884 hebeti
303 1828 500 1902 Magnnnsen,
518 1837 589 1888 bene
601 1851 768 1906 praeparare
778 1842 866 1888 mato·
911 1845 917 1860 ·

11 1935 14 1942 ·
55 1902 141 1954 riam.
166 1899 290 1951 Tandem
301 1903 395 1971 eoepit
406 1903 537 1958 adornari
548 1905 657 1960 fornax.
682 1905 756 1957 Heio
767 1921 865 1964 rursus
883 1909 890 1916 ”

1 1971 2 1995 ³
57 1970 866 2042 eratopusnovoauro,velut'illeoebraventmiariri.Siqui-

1 2053 3 2114 ξ
57 2040 169 2098 demut
179 2037 263 2104 piscis
275 2053 330 2089 non
343 2041 451 2106 eapitur
462 2043 567 2109 absque
578 2057 651 2105 esca,
662 2046 703 2095 ito
714 2058 812 2094 aurum
827 2041 867 2092 al·

2 2121 3 2126 ’
57 2107 186 2162 oumistis
206 2106 262 2158 ison
277 2111 420 2174 provenit,
440 2113 495 2162 nisi
512 2127 576 2176 pars
593 2112 656 2163 auri
667 2108 865 2180 admisceatur.

55 2181 173 2234 interea
182 2177 318 2230 Balbinus
329 2185 407 2232 totus
417 2186 478 2232 erat
490 2181 518 2231 in
529 2181 785 2248 supputationibus:
802 2179 866 2232 sub·

2 2311 3 2316 Ἰ
57 2247 181 2301 ducebat
191 2248 272 2311 enim,
294 2248 319 2298 si
329 2253 410 2302 uncia
419 2255 530 2317 pareret
542 2248 715 2316 quindecim,
731 2257 865 2317 quantum
912 2264 916 2270 ’

57 2323 134 2372 esset
153 2317 225 2370 lueri
244 2317 399 2372 rediturum
419 2334 453 2373 ox
473 2320 561 2372 unciis
581 2319 626 2382 bis
644 2319 732 2371 mille:
754 2326 863 2374 tantum

56 2389 133 2440 enim
144 2386 307 2439 decreverat
316 2391 462 2442 insumere.
479 2391 569 2453 Quum
579 2387 651 2442 hano
662 2404 771 2458 quoque
781 2407 864 2460 pecu·

56 2459 133 2509 niam
148 2455 307 2511 detorsisset
328 2459 489 2523 alcumista,
509 2463 620 2527 iamque
640 2474 761 2514 mensem
778 2478 863 2514 unum

2 2543 6 2551 ·
57 2533 143 2594 otqrre
153 2525 273 2580 alterum
285 2530 403 2582 multum
414 2545 515 2596 operae
526 2521 686 2582 simulasset
696 2533 770 2583 cirea
778 2529 862 2586 folles

55 2602 86 2650 et
98 2597 242 2659 carbones,
264 2599 514 2668 rogantiBalbino,
531 2600 629 2667 ecquid
641 2602 862 2667 procederetne·
893 2663 899 2670 ,
969 2632 972 2643 ·

56 2667 180 2734 gotium,
199 2668 319 2734 primum
331 2671 481 2723 obmutuit:
503 2670 616 2738 urgenti
626 2671 737 2726 tandem
749 2686 862 2738 respon·

55 2737 109 2805 dit,
120 2735 199 2792 Sicut
210 2737 302 2794 solent
311 2756 357 2828 res
367 2743 544 2810 praeclarae,
563 2738 862 2866 qrssezrenperonbn-
884 2819 889 2836 ἱ
