2150 3198
128 277 132 285 ι
235 204 286 262 140
356 161 916 265 couvrvrun‘nsnrcrosum.

233 290 324 362 vitant
335 305 459 370 foveam,
482 313 531 368 sut
542 308 696 360 venenum‘l
711 309 753 363 An
763 306 817 360 boc
826 307 919 362 minus
930 305 1044 372 timent,

234 381 301 444 quia
317 393 373 428 non
392 376 506 434 videnti
536 376 594 430 Nec
613 377 741 429 basilisci
761 392 899 429 venenum
919 377 1044 442 videtur,

143 451 148 458 ’
233 444 306 514 quod
318 445 395 498 afflat
406 446 504 498 oculis.
536 445 588 497 Ubi
598 461 643 498 res
655 452 768 515 poscat,
783 461 838 498 non
849 446 978 500 dubitem
990 461 1043 513 pro

232 516 397 569 necessariis
407 518 501 567 venire
510 515 540 567 in
552 517 624 568 ritae
636 516 795 568 discrimen.
816 515 1044 568 Sinecausasub·

165 587 169 592 '
232 585 275 638 ire
287 586 361 638 vitae
372 583 541 652 periculum,
551 585 696 636 temeritas
707 591 767 637 est:
787 585 857 636 alios
868 586 898 636 in
908 584 988 637 vitae
998 600 1043 652 pe·

232 653 352 706 riculurn
364 651 516 714 adducere,
531 653 693 706 crudelitas.
713 651 785 705 Sunt
795 660 823 720 et
832 654 891 710 alia
903 654 1041 720 quaedam

232 737 290 784 non
301 721 449 774 iniucunda
458 727 601 787 spectatus
614 737 648 774 ea
658 723 797 798 mandabo
807 723 898 785 uxori,
906 728 940 774 ut
951 729 1044 776 osten·

213 826 220 833 ·
234 790 293 843 dat.
311 789 426 842 Manete
437 788 482 840 bic
492 791 537 842 vel
547 796 640 843 toturn
651 791 790 854 triduum,
803 795 832 844 et
842 789 915 842 hane
929 791 1044 844 domurn

233 864 333 928 putate
345 861 546 912 essecestram.
562 859 670 912 Pascite
683 859 795 924 oculos,
806 862 910 928 pascite
922 863 1051 921 animos.
1063 858 1066 866 ’

177 986 182 992 Ι
216 928 306 982 Nam
318 943 361 999 mp
372 930 484 996 negotia
494 927 629 996 quaedam
639 930 695 983 alio
705 935 816 982 vocant.
852 931 1046 997 Estequitarn

234 996 299 1048 dum
309 997 340 1048 in
352 1012 438 1065 pagos
448 997 557 1066 aliquot
567 999 692 1066 vicinos.
713 1014 754 1052 rr.
774 999 816 1051 Ob
835 1013 895 1052 rem
912 999 1046 1062 pecunia-

203 1078 212 1092 *
232 1065 325 1118 riensi
355 1079 404 1117 uu.
423 1066 485 1132 Ego
496 1066 568 1118 tales
580 1067 686 1121 amicos
696 1081 753 1119 non
764 1068 950 1130 relinquerem
963 1081 1045 1132 pecu·

233 1135 299 1185 niae
310 1133 409 1198 gratia.
427 1149 467 1186 ur.
484 1135 626 1188 Fortassis
637 1137 749 1189 venatio
761 1139 860 1199 parata
871 1138 916 1184 est
927 1134 1045 1189 alicubi.

232 1215 281 1254 no.
292 1201 380 1254 Plane
389 1203 502 1254 venatio
513 1212 569 1256 est:
590 1205 639 1252 sed
650 1201 725 1253 aliud
736 1217 837 1265 venor,
859 1217 945 1269 quarn
957 1219 1046 1270 apros

234 1276 283 1323 aut
295 1284 400 1332 cervos.
420 1285 460 1338 rr.
473 1269 545 1333 Quid
557 1269 663 1336 igitur!
688 1271 857 1323 uranicam.
881 1271 912 1320 ln
922 1287 981 1324 uno
995 1286 1045 1339 pa·

253 1352 269 1391 o
280 1339 421 1394 decumbit
430 1339 535 1391 amicus
547 1339 658 1406 quidam
670 1353 726 1392 non
737 1339 798 1392 sine
815 1339 942 1406 periculo
955 1341 1044 1394 vitae.

233 1353 308 1462 &am
320 1407 430 1473 corpori
442 1409 543 1459 metuit
552 1409 693 1471 medicus,
712 1422 764 1476 ego
776 1409 863 1476 magis
875 1415 973 1462 metuo
982 1413 1042 1462 uni-

138 1503 139 1506 *
235 1489 298 1530 mae
308 1477 400 1540 illius3
422 1476 558 1541 siquidem
570 1476 640 1530 mihi
650 1477 761 1528 ridetur
770 1493 866 1546 purum
878 1483 956 1530 recte
969 1493 1042 1532 com·

255 1545 344 1596 ositus
356 1543 391 1595 ud
403 1544 682 1611 emigrandumsicut
694 1547 807 1614 dignum
819 1553 863 1598 est
869 1545 1040 1604 Christiano.

174 1613 176 1617 ’
266 1611 1042 1680 uicaderomeishortatibus,ut‚sisemoriatur‚sivere·

233 1681 539 1747 valescatbonoipsius
550 1683 608 1736 liat.
619 1683 650 1734 ln
661 1679 753 1736 altero
764 1684 908 1739 dissidium
920 1701 985 1739 acre
995 1701 1044 1739 na·

208 1773 216 1778 -
232 1757 292 1803 tum
304 1751 346 1802 est
356 1751 430 1802 inter
441 1748 521 1814 duos,
527 1766 581 1803 nen
588 1749 677 1804 malos
683 1753 794 1820 quidem
805 1753 936 1817 illus,sed
947 1761 1042 1808 tamen

232 1819 384 1886 pervicacis
393 1818 498 1886 ingenii
508 1823 593 1874 viros.
606 1821 687 1882 ouod
697 1823 928 1888 si'exasperetur,
939 1839 1043 1878 vereor

231 1887 465 1954 nepluressecum
473 1888 598 1942 trabatin
605 1893 775 1944 consortium
782 1891 943 1944 simultatis.
953 1893 1044 1946 Adni-

231 1963 278 2008 ta'r
288 1956 359 2007 totis
369 1957 490 2021 viribus,
522 1965 554 2010 ut
569 1953 760 2028 bos'redigam
776 1959 945 2028 ingratiam.
967 1961 1044 2016 Num

231 2024 344 2093 utrique
354 2040 415 2078 sum
426 2028 515 2081 reteri
527 2028 732 2083 necessitudine
740 2031 862 2081 iunctus.
881 2029 964 2083 Haec
974 2037 1044 2084 sunt

145 2142 148 2152 .
232 2110 305 2163 quae
324 2090 435 2158 venor.¹
453 2096 534 2158 Quod
552 2099 576 2149 si
592 2099 703 2149 venatio
722 2097 886 2151 successerit
905 2100 1042 2153 exanimi

230 2166 388 2228 sententia,
411 2164 496 2216 simul
507 2163 551 2217 bie
562 2166 763 2219 celebrabimus
774 2168 891 2234 insutus.
928 2180 969 2220 rr.
988 2169 1044 2222 Pis

230 2233 355 2293 venatio.
390 2233 553 2296 Precamur,
573 2242 605 2286 ut
615 2235 664 2288 tibi
677 2251 727 2308 pro
738 2234 820 2288 Delia
831 2232 959 2289 Christus
970 2239 1042 2305 aspi·

137 2293 138 2318 ¹
176 2353 178 2366 ,
232 2307 286 2353 ret.
314 2315 362 2352 nu.
384 2301 465 2352 Hanc
476 2303 606 2369 praedam
618 2319 670 2372 ego
682 2304 776 2357 malins
783 2341 792 2368 ‚
811 2318 893 2368 quarn
904 2305 1043 2360 obvenire

134 2400 136 2405 2
230 2367 300 2420 mibi
310 2365 486 2421 haereditate
498 2371 540 2423 bis
552 2372 627 2425 mille
638 2373 765 2426 ducatos.
793 2385 832 2425 rr.
851 2371 922 2424 Mox
934 2374 1040 2428 reditu·

124 2472 132 2484 .
232 2435 304 2488 rusi
334 2451 382 2488 no.
405 2437 468 2490 Non
478 2439 532 2490 nisi
541 2443 657 2494 tentatis
669 2442 808 2495 omnibus:
829 2455 918 2510 quare
929 2448 1039 2496 certum

228 2511 342 2570 'tempus
353 2519 408 2556 non
420 2520 532 2572 possum
545 2511 742 2574 praescribere.
771 2510 831 2564 Vos
845 2510 959 2564 interim
970 2513 1042 2566 meis

231 2573 348 2640 perinde
359 2577 501 2630 acvestris
513 2576 658 2642 fruemini,
677 2585 707 2632 et
717 2579 819 2634 valete.
838 2591 880 2634 rr.
900 2579 1038 2636 Dominu's

139 2725 145 2732 .
231 2641 785 2704 lesusutericiterdeducstacreduuas.
