2126 3188
114 147 118 152 ’
206 181 261 238 ooo
434 177 791 237 nchbiISTlcl.

207 303 224 340 o
235 299 280 342 me
291 284 433 352 miserum,
439 285 542 356 inquit,
547 285 595 355 qui
604 297 659 338 non
669 286 818 339 inciderim
828 285 859 340 in
869 291 1016 357 samniam,

206 363 291 426 quim
303 359 440 424 oportuit.
477 357 570 420 Quum
581 357 714 410 Balbinus
725 365 868 426 rogasset,
885 376 1017 428 quasnam

207 428 270 479 nias
281 427 400 480 diceret:
421 425 493 488 Scis,
508 426 609 494 inquit,
627 427 741 493 optime,
757 430 841 495 (qnid
854 431 929 482 enim
943 439 972 484 te
981 434 1018 485 io·

209 498 260 564 git,
280 497 416 561 Balbine,
432 498 523 548 virum
534 497 714 566 undiquaque
724 497 952 564 doctissimumi)
974 503 1018 554 do·

209 567 313 634 plicem
325 583 388 620 esse
399 566 482 618 huius
493 566 563 619 artis
573 567 660 618 viam:
685 567 813 630 alteram,
834 584 906 637 qnae
918 571 1019 624 dicitur

209 637 349 705 longatio=
370 637 503 699 alterium,
525 651 596 703 quae
612 635 715 689 dicitnr
735 641 866 690 curiatio.
903 643 939 692 At
953 641 1020 692 mibi

208 707 284 760 malo
302 707 423 776 quodam
438 706 499 759 lato
510 707 631 776 contigit
642 707 672 758 in
682 707 875 776 longotionem
888 709 1019 764 incidere.

205 777 328 829 Balbino
349 779 524 839 sciscitante,
548 777 624 844 quod
641 784 717 829 esset
735 779 888 830 discrimen
899 780 1017 833 viarum:

207 847 403 914 impudentem
415 863 468 909 me,
480 848 578 914 inquit,
589 850 637 915 qui
648 847 718 900 haec
729 849 801 916 apud
814 855 843 900 te
855 849 966 916 loquar,
977 850 1018 902 cui

208 917 296 970 sciam
308 915 378 970 baec
389 920 483 969 omnia
493 921 533 970 sic
544 932 605 969 esse
617 926 694 982 nota,
705 925 737 971 ut
748 918 820 970 nolli
831 920 954 972 notiora.
966 923 1016 972 lta·

208 1002 263 1056 que
274 988 392 1055 supplex
404 986 457 1038 huc
468 987 505 1039 od
516 994 546 1039 te
557 991 672 1050 accurri,
694 995 724 1038 ut
735 990 867 1040 misertus
878 989 970 1054 nqstri
979 989 1015 1040 di·

207 1058 304 1126 gnaris
319 1059 464 1124 impartire
479 1057 561 1109 nobis
578 1060 651 1110 viam
663 1057 741 1108 illam
753 1057 946 1110 felicissimam
959 1075 1014 1110 cur-

172 1187 175 1192 ,
205 1128 336 1179 tationis.
373 1129 436 1188 Quo
448 1127 571 1192 peritior
582 1143 612 1179 es
623 1127 707 1178 buius
720 1128 799 1189 ortis,
810 1126 864 1179 boo
875 1135 959 1196 potes
969 1129 1014 1180 mi-

206 1211 278 1250 nore
289 1197 405 1264 negotio
417 1199 624 1249 communicare
640 1197 729 1248 nobis.
766 1195 833 1248 Noli
843 1204 954 1251 tontum
965 1197 1015 1250 oei

110 1303 113 1308 -
207 1265 312 1320 donum
324 1265 415 1318 celare
426 1265 543 1318 fratrem
556 1267 654 1319 dolore
666 1268 831 1334 periturum.
848 1269 892 1319 lta
902 1276 932 1321 te
940 1269 1015 1320 lesus

208 1335 337 1398 Christus
348 1351 458 1403 semper
468 1338 911 1404 maioribuslocupletetdotibus.
925 1337 1014 1398 Quum

110 1434 117 1444 ·
206 1406 327 1460 hicnon
348 1407 457 1460 laceret
476 1408 641 1467 obtestandi
658 1410 754 1471 linem,
776 1408 914 1460 Balbinus
931 1406 1015 1459 fateri

207 1487 324 1532 coactus
335 1485 386 1540 est,
399 1493 429 1528 se
441 1493 555 1544 prorsus
566 1481 707 1546 ignorare,
723 1477 790 1546 quid
803 1483 878 1530 esset
889 1477 1014 1544 longetia

208 1556 259 1601 aot
269 1549 407 1612 curtati03
429 1547 507 1604 iubet
522 1554 646 1615 exponat
660 1549 721 1615 ipse
733 1550 784 1598 vim
797 1547 896 1599 barum
907 1561 1014 1599 vocum.

207 1621 280 1671 'sum
293 1618 351 1678 ille,
368 1618 543 1684 Quanquam,
554 1619 654 1686 inquit,
666 1621 724 1669 scio
736 1633 780 1670 me
792 1617 871 1686 loqui
882 1615 1017 1685 penitiori,

206 1696 313 1751 tamen,
325 1689 436 1754 qnando
447 1688 489 1738 ita
498 1687 587 1750 iubes,
599 1686 707 1739 faciam.
727 1689 782 1751 Qui
793 1693 882 1740 totam
895 1694 1017 1740 aetatem

152 1817 155 1824 ,
207 1761 238 1811 in
254 1759 306 1815 boe
321 1766 383 1809 arte
399 1758 495 1808 divina
510 1759 719 1820 contriverunt,
741 1759 849 1810 duabus
859 1758 1016 1809 rationibus
1060 1769 1061 1774 ’

203 1833 321 1880 vertum
330 1841 423 1879 rerum
436 1830 558 1894 specics3
581 1829 680 1890 altera,
700 1843 770 1894 quae
779 1829 892 1880 brevior
905 1833 957 1892 est,
969 1825 1017 1878 sed

206 1897 365 1970 plusculum
383 1895 469 1950 habet
487 1898 617 1966 periculi:
639 1899 730 1950 altera
748 1913 819 1965 quac
833 1898 949 1965 longior
967 1901 1018 1960 est,

134 1969 137 1976 ’
207 1971 259 2022 sed
271 1969 367 2021 eadem
379 1967 476 2020 tutior.
505 1970 567 2035 Ego
579 1967 646 2020 mibi
658 1967 757 2020 videor
769 1967 877 2030 infelix,
894 1969 944 2036 qui
956 1966 1018 2018 bae·
1059 1975 1061 1980 ’

207 2046 291 2094 tenus
307 2037 431 2090 sudarim
448 2041 475 2089 in
489 2053 522 2089 ea
537 2039 597 2101 via,
618 2053 689 2104 quae
700 2053 762 2091 meo
775 2039 869 2089 animo
881 2053 938 2088 non
951 2037 1018 2089 arri·

156 2151 160 2156 .
207 2111 272 2175 det3
293 2125 382 2177 neque
399 2123 555 2177 quenquam
570 2109 696 2160 nancisci
715 2111 807 2174 potui,
830 2108 877 2174 qui
889 2107 1018 2170 alteram,

208 2183 288 2234 cuius
300 2195 396 2232 amore
407 2179 538 2245 depereo,
550 2177 636 2231 vellet
646 2178 780 2230 indicare.
800 2175 928 2229 Tandem
939 2177 1018 2228 Deus

207 2251 324 2302 immisit
333 2252 362 2300 in
373 2256 509 2312 mentem,
529 2253 562 2299 ut
574 2253 604 2300 te
616 2247 749 2312 adirem(
756 2250 846 2299 virum
857 2259 913 2297 non
923 2248 1018 2298 minus

207 2322 284 2388 pium
295 2333 378 2385 quem
390 2319 513 2371 doctum.
531 2317 669 2371 Doctrina
680 2320 732 2371 tibi
744 2323 877 2385 praestat,
887 2318 927 2367 ut·
934 2315 1019 2368 facile

205 2388 300 2456 possis
312 2387 380 2440 dare
391 2388 465 2454 quod
477 2393 557 2455 peto:
579 2388 670 2454 pietas
681 2388 882 2449 nonimovebit,
904 2392 938 2437 nt
948 2386 1019 2438 velit

207 2457 534 2524 opitula1iiratri,cuius
547 2457 624 2510 solus
634 2457 689 2511 tibi
697 2458 726 2509 in
739 2473 823 2510 manu
835 2462 886 2508 est.
902 2455 947 2508 Ne
958 2455 1019 2507 lon·

205 2543 272 2596 gum
285 2524 399 2590 faciam,
419 2543 502 2594 quum
514 2526 675 2579 huiusmodi
685 2528 861 2580 sermonibus
871 2531 1020 2578 veterator

204 2597 256 2650 ille
267 2597 419 2649 sprevisset
431 2612 448 2648 a
460 2613 490 2648 se
503 2597 691 2663 suspicionem
703 2597 768 2659 suoi,
786 2597 923 2665 fidemque
935 2596 1018 2648 iecis-

205 2673 259 2732 set,
266 2665 321 2718 sibi
331 2665 406 2714 viem
416 2665 535 2736 alteram
546 2668 608 2718 esse
619 2667 882 2734 perspectissimam,
894 2667 952 2716 iam
964 2663 1020 2733 pri·

198 2735 270 2790 *dem
283 2732 559 2804 pruriebotlllalbino
579 2735 697 2792 morus.
733 2735 860 2791 Tandem
876 2750 934 2788 uon
950 2741 1019 2798 tem7
