2132 3196
185 133 238 220 m
329 153 578 226 convrvrun
605 159 852 220 rnorsnun.

186 269 303 334 lapsain
315 265 414 328 ollam,
432 269 560 319 condiret
569 269 713 338 legumen,
734 269 800 334 quid
817 270 877 320 tum
898 262 990 322 edere·

186 336 252 388 turi
264 335 322 387 Nec
332 336 427 386 omnia
437 339 548 402 sapiunt
559 340 695 388 omnibus.
714 338 812 404 ltaque
823 333 890 408 mihi
901 338 991 406 placet

49 392 51 403 ¹
132 423 137 430 ·
187 405 334 458 moderata
345 404 474 456 varietas.
495 421 559 460 luc.
577 407 639 458 Non
652 414 683 457 tu
693 409 792 458 metuis
804 407 881 478 leges
891 415 993 458 sumtu·

190 473 280 528 ariasi
293 489 350 524 cn.
364 476 423 524 imo
433 477 544 542 peccari
558 474 719 542 frequenter
731 476 759 525 in
772 475 920 526 diversum.
949 475 994 528 di·

189 543 231 598 hil
242 543 324 594 uobis
336 559 405 610 opus
418 543 480 610 lege
491 545 595 596 Fannia
607 549 640 608 *).
661 543 736 596 Satis
749 559 800 594 nos
809 545 892 597 docet
903 544 996 612 fruga-

188 615 300 666 litatem
321 613 382 678 ipsa
402 616 531 668 tennitas.
567 627 634 666 Aue.
658 614 743 665 Haud
760 616 801 665 ita
819 625 996 668 convenerat.
1064 625 1065 628 ’

189 685 287 750 Longe
299 683 381 733 aliter
392 683 535 749 pollicitus
549 699 588 735 es.
609 697 656 734 cn.
666 685 738 750 Age,
755 683 865 750 inepte,
876 701 928 736 nec
938 687 997 751 ipse
1054 710 1058 716 ·

191 757 330 806 conventa
341 767 445 802 servas.
473 752 650 804 Convenerat
662 755 749 814 enim,
760 769 795 804 ne
807 753 873 821 quid
883 760 999 821 praeter

190 837 278 890 nugas
289 821 418 872 inferres.
450 823 524 885 Quin
541 820 611 874 haec
628 824 713 873 missa
729 823 873 874 iaciamus.
910 823 999 875 Lave-

189 907 251 944 mus
262 907 295 942 ac
304 891 518 942 discumbamus.
556 891 636 944 Heus
650 899 695 956 tu,
715 907 796 959 puer,
808 907 875 958 cape
886 899 999 959 guttum

190 977 224 1014 ac
235 963 371 1028 patinam,
383 962 508 1013 linteum
521 976 556 1012 ex
568 959 844 1027 hmncro'susponde,
867 961 999 1013 ministra

192 1045 306 1098 squam3
324 1031 393 1096 ¹quid
405 1030 517 1094 cessasi
539 1029 628 1092 Lava,
642 1031 805 1096 Augustino.
833 1045 897 1082 suo.
921 1031 1001 1082 Lora

190 1105 223 1150 tu
235 1103 320 1164 prior.
343 1113 389 1147 cn.
401 1099 481 1150 Bona
491 1099 587 1150 verba:
604 1097 656 1150 hoc
667 1115 740 1150 anno
751 1107 887 1167 perpetuo
898 1100 1000 1154 illutus

116 1218 119 1228 .
193 1165 312 1220 coenare
324 1165 447 1218 mallem.
469 1183 532 1220 nuo.
553 1167 729 1219 Ridiculum:
747 1184 801 1219 non
814 1167 1000 1233 honoratiori,

106 1282 110 1286 .
192 1237 242 1290 sed
252 1235 372 1302 turpiori
383 1243 449 1288 ante
461 1237 533 1288 alios
543 1236 692 1288 lavandum
704 1243 759 1292 est:
781 1238 844 1289 lava
853 1239 958 1306 igitur,
968 1245 1003 1291 nt

192 1305 369 1359 immundior.
390 1321 436 1358 cn.
453 1307 497 1357 'l'lr
510 1306 676 1358 esnrbanus
688 1308 749 1373 plus
761 1309 838 1358 satis.
863 1311 904 1359 Es
916 1308 999 1360 urba·

151 1430 155 1440 .
193 1379 268 1439 nior,
290 1390 371 1442 quarn
382 1383 427 1427 sat
437 1379 486 1436 sit,
508 1381 589 1444 qnam
602 1392 653 1442 par
664 1384 716 1428 est.
742 1376 883 1437 Quorsum
896 1381 1000 1430 attinet

137 1501 142 1512 ,
192 1445 420 1500 ista'urbanitasi
454 1446 621 1497 Huiusmodi
636 1446 808 1498 ceremonias
819 1447 929 1513 ineptas
942 1463 1000 1498 mu·

192 1516 317 1568 lierculis
327 1515 517 1580 relinquamus
529 1551 537 1576 ,
560 1531 631 1583 quae
642 1531 715 1566 nunc
726 1517 800 1584 crab
812 1517 910 1567 aulicis
920 1515 1000 1568 fasti·

192 1587 321 1646 diuntur,
338 1585 411 1634 unde
423 1590 515 1636 tamen
528 1585 595 1635 olim
611 1585 755 1650 profectae
771 1591 846 1636 sunt.
882 1585 1000 1638 Laretis
1025 1615 1030 1624 ι

163 1675 165 1678 ·
191 1655 266 1707 terni
276 1662 325 1704 aut
336 1655 463 1720 quaterni
474 1654 566 1705 simul.
589 1655 631 1706 Ne
643 1659 774 1706 teramus.
784 1659 894 1721 tempus
907 1653 1001 1706 huius·

191 1724 266 1778 modi
277 1724 372 1775 moris.
402 1723 461 1790 Ego
470 1723 542 1773 nulli
553 1724 703 1790 designabo
713 1725 819 1788 locum3
842 1730 935 1775 sumat
945 1725 999 1776 sibi

193 1797 322 1862 quisque,
345 1807 428 1860 quern
440 1793 524 1843 volet.
546 1794 600 1855 Qui
613 1793 770 1844 delectatur
780 1794 851 1860 igni,
865 1793 916 1844 iiic
925 1808 999 1845 com·

192 1861 303 1914 modius
317 1862 467 1912 accumbet.
487 1863 543 1924 Qui
554 1861 706 1913 offenditur
717 1863 793 1924 luce,
805 1861 912 1930 deligat
923 1862 1000 1915 hunc

140 1961 143 1968 ·
193 1929 334 1997 angulum.
370 1931 460 1991 Quem
481 1931 602 1982 delectat
628 1938 806 1998 prospectus,
827 1926 874 1982 hic
892 1934 998 1986 sedeat.
1057 1971 1060 1975 .

191 1991 289 2068 dgite3
312 2000 380 2049 satis
393 2013 542 2058 morarum.
569 2001 739 2053 decumbite.
761 2003 820 2068 ligo
834 2001 909 2063 domi
921 2019 999 2066 sum;

191 2075 236 2126 vel
250 2075 326 2120 stans
338 2068 475 2131 coenabo,
493 2070 518 2120 si
529 2068 637 2132 lubeat,
657 2071 701 2122 vel
713 2070 903 2123 «inambulans.
934 2073 999 2124 Ces·

193 2137 279 2192 satist
300 2141 335 2190 rit
345 2139 456 2190 interim
468 2153 555 2191 coena
571 2141 767 2205 corrumpitur.
789 2155 854 2192 sua.
865 2142 998 2194 Vivanius

95 2220 97 2226 ’
193 2224 279 2270 nunc,
297 2222 482 2276 curemusque
493 2209 651 2262 cuticulam.
670 2207 760 2260 Simus
772 2224 844 2260 nunc
855 2211 997 2277 Epicurei.

193 2276 271 2330 Nihil
282 2279 362 2350 nobis
373 2294 435 2328 cum
446 2278 540 2330 fronte
550 2277 652 2330 Stoica.
670 2309 674 2323 ›
685 2275 805 2340 Valeant
816 2295 908 2332 curae.
944 2281 997 2332 nb·
1039 2287 1043 2292 “

193 2347 231 2398 sit
241 2347 331 2396 omnis
342 2347 426 2410 livor,
449 2347 545 2399 exulat
554 2346 729 2399 obtrectatio.
763 2347 808 2400 sit
817 2364 897 2400 mens
907 2349 996 2413 laeta,

192 2415 270 2468 frons
280 2413 391 2476 hilaris,
410 2417 630 2484 sermolcpidus.
659 2431 708 2469 cn.
727 2414 848 2478 Quinam
865 2423 931 2469 sunt
948 2420 996 2469 isti

192 2483 281 2552 Stoici
291 2488 375 2551 atque
386 2485 527 2552 Epicurei,
548 2485 722 2554 Angustinei
734 2507 740 2516 ¹
751 2501 817 2540 suc.
838 2485 927 2540 Stoici
939 2486 998 2556 phi·

166 2627 171 2631 .
216 2587 243 2644 Φ)
258 2586 320 2640 Lege
336 2587 473 2639 trininatis,
488 2601 555 2642 quam
569 2588 623 2630 tulit
636 2587 720 2631 Consul
730 2588 833 2632 Fannius
846 2591 939 2640 Rornae,
956 2591 998 2634 sub

279 2643 363 2686 bellom
370 2643 481 2686 Punicum
493 2644 592 2686 tertium.
623 2643 682 2686 Lata
695 2645 773 2687 fnitin
782 2643 927 2690 lacereris:
942 2646 999 2693 Pe!-

187 2713 194 2721 “
277 2699 398 2748 mittuntur
407 2698 486 2752 diebus
496 2698 565 2744 lestis
573 2699 663 2745 centeni
670 2701 742 2744 aerios
757 2703 841 2746 ceteris
850 2701 909 2747 deni.
