2126 3188
209 213 222 226 κ
284 145 641 260 xaaeur'ursrroa
817 179 870 238 aaa

21 303 24 306 ·
58 283 480 361 ,eaperfeiisstramangustam
491 287 678 352 deiecissem,
698 302 754 343 non
766 289 870 358 absque
954 283 956 292 '

47 370 50 376 ’
69 362 203 434 periculo,
212 377 264 414 nee
273 361 334 410 sine
345 359 470 423 vulnere,
486 375 519 412 ac
529 359 611 428 fugit.
629 359 699 421 Scis,
709 354 781 412 tales
793 358 871 410 fabu-

69 435 113 486 las
121 432 198 494 illico
211 430 315 497 spargi.
337 430 438 496 ltaque
447 430 621 492 permanavit
632 435 660 481 et
672 428 707 480 ad
716 429 872 492 Balbinum.

6 525 16 558 ς
71 500 168 569 Neque
178 500 208 552 id
220 499 281 551 fore
293 512 348 549 non
359 497 500 548 divinaret
511 497 623 547 artifex.
640 509 688 546 rir-
696 497 770 546 ,Heio
778 497 873 564 itaque

72 570 179 626 medius
198 574 320 620 tenetur.
357 581 410 617 nn.
426 565 486 618 lmo
505 563 615 616 felicius
625 563 736 630 elapsus
747 570 790 616 ost
801 564 875 628 hine,

1 641 3 681 ἰ
52 637 327 710 ‚quameeuliiculm
356 635 429 686 Audi
440 627 568 696 technam
578 634 709 689 hominis.
740 631 821 685 Nihil
831 648 877 684 ex·
976 673 982 678 ,
1044 639 1047 646 ’

1 765 2 768 ,
69 707 234 778 postulabat
243 704 388 768 Balbinus,
400 703 449 756 sed
459 705 555 757 nubilo
565 705 643 756 vultu
653 704 723 756 satia
733 702 878 754 indicabat
894 759 896 766 ¹

14 792 17 798 ’
69 777 101 830 se
113 792 170 828 non
180 773 401 842 ignorarequod
411 774 497 841 vulgo
506 774 657 826 ferebatur.
693 772 819 825 Noverat
830 771 878 827 ille

1 847 2 906 J
65 847 222 900 Balbinum
242 843 404 894 esserirum
421 843 511 908 pium,
532 841 880 910 innonuullispenedixe·

71 916 124 968 iim
147 913 394 981 superstitiosum..
417 913 455 963 Et
471 915 517 980 qui
529 913 603 966 tales
613 920 691 975 sunt,
712 913 743 964 in
753 913 880 980 quamvis
943 943 950 954 κ

72 999 174 1051 magno
195 988 310 1050 peccato
326 981 415 1034 facile
436 983 596 1034 condonant
616 984 746 1051 supplici.
780 982 880 1049 ltaque
920 979 944 1035 J
994 986 1002 1000 *

1 1098 2 1121 1
68 1055 233 1120 ‘dataopera
242 1051 331 1104 iniicit
340 1052 509 1105 mentionem
517 1051 880 1122 deauceessunegotii,que-

1 1125 2 1133 ’
67 1125 165 1176 -ritans
175 1137 230 1174 non
242 1120 355 1187 perinde
366 1121 529 1185 succedere,
540 1129 579 1174 -ut
590 1123 705 1185 soleret,
721 1127 770 1174 aut
779 1123 879 1174 velletr

1 1205 2 1210 ’
75 1192 206 1252 addebat,
218 1205 248 1241 se
258 1189 438 1244 vehementer
447 1192 636 1260 mirari,‘quid
646 1199 721 1246 esset
730 1192 760 1244 in
773 1205 881 1244 caussa.

75 1262 117 1314 lbi
134 1276 183 1327 per
193 1259 367 1319 occasionem
385 1270 540 1314 commotus
549 1263 697 1326 Balbinus,
717 1263 765 1330 qui
776 1259 883 1328 alioqui
961 1275 962 1279 ¹
1035 1247 1040 1257 ’

76 1331 224 1401 videbatur
244 1329 398 1384 destinasse
420 1332 575 1394 silentium,
598 1338 628 1384 et
649 1337 710 1384 erat
731 1332 780 1400 qui
796 1330 883 1382 facile

1 1447 2 1450 ,
51 1425 53 1430 ·
72 1407 313 1454 commoveretur:
334 1397 464 1464 Noneat,
481 1401 745 1467 iniquia-obscurum
758 1401 822 1466 quid
834 1399 883 1450 ob·

1 1471 2 1530 Ϊ
77 1475 146 1534 stct3
158 1477 273 1536 peccata
284 1469 465 1538 obstantque
475 1471 567 1524 minua
578 1468 711 1523 succedat
723 1468 796 1535 quod
808 1483 824 1518 a
835 1483 884 1532 pu-

78 1539 117 1593 ris
133 1555 201 1606 pure
217 1540 336 1593 tractari
355 1544 493 1595 convenit.
512 1541 570 1598 'Ad
591 1541 660 1594 hane
671 1553 768 1592 vocem
780 1537 885 1590 artifex
958 1553 967 1588 ,·

10 1639 18 1656 .
78 1610 226 1676 procubuit
237 1611 265 1662 in
278 1627 378 1679 genua,
388 1613 505 1665 subinde
515 1612 634 1665 tundens
646 1617 751 1679 pectus,
765 1613 793 1659 et
804 1607 886 1662 vultu

39 1739 43 1746 .
78 1692 200 1748 voceque
210 1675 886 1748 lacrimabili:Verissimuminquit,dixisti,Bal·
933 1679 938 1688 ‘

1 1784 2 1804 2
77 1746 156 1802 bine:
178 1756 311 1816 peecata,
329 1753 455 1817 inquam,
478 1754 608 1805 obstant=
628 1748 885 1813 sedmeapeccata‚

0 1881 1 1884 ,
77 1832 137 1874 non
157 1824 218 1874 fuat
240 1833 293 1866 non
315 1819 385 1870 enim
399 1821 515 1888 pudebit
525 1817 781 1886 meturpitudinem
792 1829 885 1866 meam

1 1946 3 1958 .
78 1885 151 1953 apud
163 1893 202 1945 te,
222 1885 301 1936 velut
311 1887 384 1950 apud
395 1891 569 1942 sacerdotem
582 1887 799 1948 sanctissimum,
813 1883 892 1936 con?

1 1961 2 1965 ’
75 1955 162 2006 litari.
198 1949 312 2003 Vicerat
324 1968 368 2004 me
380 1955 470 2008 carnis
484 1956 640 2018 infirmitas,
652 1959 830 2020 pertraxerat
840 1967 885 2005 me

1 2033 2 2082 ξ
76 2023 199 2079 Satanas
211 2019 240 2070 in
250 2021 365 2087 laqueos
376 2035 451 2073 suos.
486 2023 524 2072 Et
534 2037 550 2072 o
562 2039 605 2074 me
615 2023 760 2076 miserum!
774 2021 885 2074 esaeri·

1 2100 2 2138 1
79 2094 133 2145 lico
154 2089 246 2142 factus
266 2086 458 2142 aum'edultcr.
494 2091 662 2142 Nontamen
674 2088 886 2153 omninoperiit

79 2161 135 2212 hoe
145 2173 253 2221 munus,
273 2157 347 2227 quod
358 2157 484 2210 misimus
495 2155 604 2226 Virgini
614 2157 707 2209 matri.
743 2157 887 2208 Perieram
938 2198 946 2212 s

1 2267 3 2286 .
18 2239 20 2242 ’
80 2235 158 2284 certo
171 2227 269 2291 exitio,
280 2230 309 2278 ni
320 2228 371 2278 illa
382 2228 582 2287 succurrisset„
598 2225 657 2280 lam
668 2225 783 2277 maritus
794 2225 900 2279 cirin-¹

1 2290 3 2354 ἶ
79 2299 165 2369 gebat
185 2296 274 2358 fores,
294 2295 419 2349 fenestra
438 2302 501 2348 erat
522 2296 627 2349 arctior
638 2309 719 2363 quam
732 2301 886 2364 utpossem

69 2366 169 2423 elabi:
181 2367 210 2418 in
222 2373 279 2418 tam
290 2371 492 2432 praesentaneo
504 2366 628 2432 periculo
638 2366 715 2418 venit
724 2365 753 2416 in
764 2371 885 2420 mentem
968 2413 980 2422 .,

57 2447 62 2453 '
79 2436 277 2490 sanctissimae
287 2433 428 2502 Virg'inis;
447 2435 556 2502 procidi
566 2436 595 2487 in
605 2451 705 2510 genua,
727 2436 885 2489 obtestatus

67 2514 152 2566 ¹sum,
162 2504 188 2556 si
198 2510 310 2572 gratum
322 2503 541 2568 fuisseimunus,
552 2512 585 2556 ut
596 2505 792 2574 opitularetur.
826 2503 886 2558 Nee

80 2579 273 2640 mora,repeto
286 2573 438 2626 fenestram
445 2574 499 2636 (sic
511 2576 584 2628 enim
594 2577 713 2642 urgebat
722 2575 886 2636 necessitas)

1 2706 2 2709 Ἴ
81 2650 111 2702 et
130 2643 204 2696 satis
222 2643 343 2710 amplam
361 2643 455 2714 reperi
466 2643 501 2696 ad
513 2644 656 2714 effugium.
691 2660 740 2698 ru.
760 2643 888 2698 credidit
908 2655 920 2660 ·
995 2653 998 2660 ·

81 2712 302 2770 istaBalbinusl
337 2711 543 2768 menindici
563 2716 622 2771 lmo
632 2713 719 2786 etiam
729 2714 848 2785 ignorit,
859 2715 889 2764 et
916 2737 920 2744 =
