2150 3198
155 235 161 254 ¹
224 207 353 298 rnocr
372 243 429 297 ur
448 223 656 299 ruendam
790 245 843 303 ras

33 353 82 416 pta
95 343 197 412 digitis
209 359 242 397 ac
252 347 399 414 paullatim
410 349 601 401 marcesceusi
621 364 665 401 m.
674 347 736 417 Ego
747 363 842 402 rosam

34 415 167 470 existimo
182 414 345 481 feliciorem,
351 432 421 486 quac
432 418 577 470 marcescit
587 419 617 469 in
626 415 744 470 hominis
752 413 842 482 manu,

24 485 182 558 ¹delectans
199 485 310 538 interim
322 493 351 539 ct
361 487 458 539 oculos
470 494 498 539 et
509 503 590 539 nares
597 523 605 551 ‚
626 502 708 554 quam
719 502 789 555 quac
798 504 840 542 so·
860 541 862 560 ,

36 556 125 607 nescit
140 555 171 606 in
182 554 297 608 frutice:
319 571 382 608 nam
394 562 422 609 et
432 556 491 612 illic
503 554 625 608 iuturum
637 561 713 619 erat,
732 563 763 606 ut
774 571 845 607 mar·

38 629 178 688 eesceret3
190 624 423 692 quemadmodum
437 626 543 682 [elicias
554 632 597 679 est
607 626 709 685 vinum,
721 626 794 692 quod
804 625 845 675 bi-

14 701 16 752 Ϊ
37 692 113 745 bitur
122 698 274 761 antequam
287 701 405 748 acescat.
427 696 591 764 Quanquam
602 710 656 746 non
667 695 762 747 statim
775 707 846 744 mar·

40 763 125 815 eescit
146 761 200 815 ilos
210 765 373 831 puellae,'si
383 765 519 832 nupserit:
536 763 598 834 imo
617 764 712 828 rideo,
733 762 846 825 multas,

40 847 109 900 quae
120 838 187 884 ante
198 835 309 901 nuptias
320 833 472 902 pallebant,
481 835 658 902 languebant,
671 833 791 886 acrelut
801 841 847 883 ex·

13 955 14 960 ,
41 902 237 965 tabescebant,
253 917 287 960 ex
298 918 448 971 congressu
460 904 512 955 riri
523 905 565 955 sic
576 905 722 966 enituisse,
743 907 775 952 ut
786 906 845 952 tum
944 923 949 935 =

40 971 150 1030 demum
160 970 261 1024 llorere
273 974 424 1040 coeperint.
437 989 486 1026 ιιι.
496 973 626 1036 Attamen
636 970 800 1024 favorabilis
812 983 846 1022 ac

39 1039 197 1110 plausibilis
213 1038 285 1108 apud
300 1045 406 1108 omneis
417 1048 460 1096 est
470 1041 625 1109 virginitas.
661 1056 705 1095 rr.
724 1039 845 1107 Elegans

40 1110 153 1178 quidem
175 1124 221 1162 res
242 1108 336 1178 puella
356 1111 447 1178 virgo:
470 1109 518 1163 sed
540 1111 604 1178 quid
620 1111 700 1163 iuxta
715 1116 866 1160 naturam·

40 1178 228 1248 prodigiosius
240 1193 294 1232 anu
305 1180 430 1248 virginei
441 1180 502 1232 Nisi
512 1181 593 1230 matri
605 1187 668 1232 tuae
680 1178 846 1232 deduxisset

40 1247 91 1300 ilos
102 1248 161 1312 ille,
172 1262 223 1299 uos
234 1249 317 1301 istum
329 1248 475 1301 flosculum
486 1263 539 1300 nou
551 1247 723 1302 haberemus.
760 1247 844 1312 Quod

41 1318 77 1380 si,
96 1323 129 1369 ut
141 1329 310 1386 sperosnon
325 1308 422 1371 sterile
439 1316 526 1369 luerit
537 1325 661 1370 nostrum
674 1317 844 1384 coniugium,

41 1400 91 1454 pro
101 1403 160 1438 una
172 1386 278 1456 virgine
290 1389 391 1441 multas
403 1386 545 1439 dabimus.¹
556 1403 604 1439 ran·
617 1387 745 1438 Attamen
756 1387 844 1446 aiunt,

10 1485 12 1514 r
41 1470 98 1508 rem
110 1457 173 1509 Dco
185 1457 373 1525 gratissimam
391 1473 452 1510 esse
464 1455 630 1508 castitatem.
668 1471 710 1506 ιι.
732 1455 844 1504 Etideo
883 1465 888 1473 “

9 1535 11 1592 ,l
42 1532 147 1578 castam
159 1525 280 1596 puellam
290 1525 358 1578 mihi
370 1528 452 1594 cupio
463 1527 575 1585 nubere,
591 1531 621 1576 ut
632 1539 694 1575 cum
705 1523 756 1574 illa
767 1528 844 1574 caste

41 1595 142 1666 viram.
178 1593 270 1662 Magis
285 1597 338 1648 erit
355 1595 509 1648 animorum
528 1610 608 1663 quam
621 1608 767 1660 corporum
781 1606 844 1642 con·

40 1663 155 1732 iugium.
191 1663 342 1732 Gignemus
353 1664 540 1734 Reipublicae,
560 1667 707 1732 gignamus
719 1661 841 1713 Christo.
897 1689 902 1696 ·

40 1734 211 1798 Quantulum
234 1736 327 1787 aberit
341 1733 395 1787 hoc
416 1733 622 1786 matrimonium
636 1727 844 1798 avirginitatel

38 1802 76 1854 Et
86 1802 286 1855 iurtasseolim
296 1805 336 1856 sie
345 1799 844 1870 convivemus,quemadmodumvixit
876 1837 878 1864 ,

10 1909 14 1915 -
39 1888 101 1925 cum
112 1871 206 1924 Maria
215 1873 324 1941 loseph.
359 1873 416 1926 Sed
425 1873 536 1924 interim
550 1873 688 1924 discemus
698 1869 844 1938 virginita-

37 1948 103 1995 tem.
133 1941 197 1994 Non
208 1943 280 1993 enim
292 1943 385 1998 statim
395 1943 558 2010 ‘pervenitur
567 1942 602 1993 ad
614 1955 762 1996 summum>
793 1953 843 1991 rm.

39 2010 112 2076 Quid
129 2024 182 2078 ego
200 2010 303 2063 audiui
320 2010 460 2063 violanda
476 2011 640 2077 virginitas,
660 2007 843 2064 utdiscaturt

39 2095 82 2133 ιι.
93 2079 214 2143 Quidni!
231 2079 466 2142 Quemadmodum
480 2079 612 2147 paulatim
624 2077 845 2130 bibendorinum

9 2151 10 2154 ’
40 2151 168 2217 parcius,
189 2149 320 2200 discimus
336 2165 398 2202 esse
413 2149 550 2202 abstemii.
587 2149 656 2200 Uter
669 2145 722 2197 tibi
732 2143 844 2195 ridetur

40 2218 250 2287 temperantior,
256 2219 304 2285 qui
313 2220 342 2270 iu
351 2218 452 2272 mediis
462 2217 569 2269 deliciis
580 2215 746 2269 accumbens
758 2210 844 2262 absti-
921 2225 923 2234 ι

40 2295 96 2352 net,
110 2305 146 2340 au
157 2289 203 2355 qul
216 2294 340 2340 semotus
351 2290 385 2340 ab
396 2287 449 2351 his,
467 2302 537 2357 quaa
548 2288 700 2353 provocant
709 2282 843 2347 intempe-

39 2355 181 2409 rantiami
216 2373 263 2410 ιιι.
286 2357 415 2409 Arbitror
427 2373 489 2409 eum
512 2354 614 2406 lortius
633 2358 845 2421 temperantem,

40 2441 121 2494 quem
132 2432 232 2492 parata
243 2427 325 2492 eopia
336 2441 390 2477 non
403 2431 496 2492 potest
508 2438 692 2490 corrumpere.
721 2439 765 2476 rs.
781 2421 855 2472 Utri

39 2496 132 2547 verius
145 2494 262 2547 debetur
272 2495 335 2547 laus
347 2495 564 2558 castitatis,einc
575 2493 846 2562 quisemetexsecat,

40 2577 75 2617 an
89 2564 139 2634 qui
154 2565 285 2616 membris
296 2565 428 2632 integris,
448 2570 540 2616 tamen
552 2563 676 2614 abstinet
687 2577 704 2612 a
714 2557 845 2616 Venerei

40 2649 87 2687 ιιι.
97 2633 237 2700 Equidem
248 2626 406 2701 posteriori,
418 2649 480 2684 meo
493 2630 610 2696 calculo,
626 2629 773 2684 tribuerim
786 2627 857 2680 lau-³

40 2702 101 2756 dem
113 2699 269 2766 castitatis,
287 2703 375 2770 priori
387 2702 562 2754 dementiam.
598 2701 701 2752 nasein
720 2699 844 2768 quivoto

40 2772 173 2826 adstricti
182 2773 311 2826 abiurant
320 2771 536 2834 matrimonium,
554 2784 644 2823 nonne
656 2767 775 2837 quodam
787 2779 845 2823 mo·
