2132 3196
251 198 639 294 rraunsroerums.
812 235 847 291 sa

42 361 114 406 veni,
129 350 277 412 spectatae
286 345 472 413 integritatis,
483 344 597 413 linguae
609 349 787 400 continentis.
798 363 847 401 aa.

1 436 5 445 ·
43 415 172 468 Profecto
187 415 257 470 felix
275 431 319 478 es,
341 416 389 486 qui
409 416 465 465 ista
479 424 590 466 mature
606 415 704 482 sapere
715 409 855 485 coeperis.¹

43 499 86 535 oa,
101 484 232 552 Denique
250 483 302 535 illa
315 485 405 550 prima
423 483 490 535 mihi
506 491 712 547 curarum'est,
728 503 764 538 ne
802 487 851 538 uid

45 556 232 616 committam,
260 554 337 620 quod
354 568 416 604 eum
436 553 561 620 periculo
575 554 689 618 predam
706 503 803 607 saeui

45 635 90 674 aa.
101 621 178 674 Nihil
190 623 301 684 melius,
320 623 458 690 siquidem
470 624 561 690 possis
573 638 682 676 cavere.
713 637 757 674 os.
768 625 854 676 Nobis

47 691 159 760 quidem
171 691 368 742 difficillimum
380 699 436 742 est:
458 693 507 742 sed
519 693 672 752 auxiliante
685 690 804 754 Christo,
815 692 857 743 ia-

47 761 98 812 oile
109 765 164 820 est,
191 759 315 810 Primum
329 766 386 824 est,
407 764 440 812 ut
450 761 609 813 udsit‘bona
620 762 759 812 voluntas.
784 762 862 812 Eam.
922 763 923 768 ’

47 829 113 880 urihi
134 829 254 880 subinde
270 839 392 887 renovo,
412 833 578 892 praesertim
589 831 686 882 diebus
699 831 856 881 dominicis.

47 897 158 950 Deinde
169 897 294 948 subduco
304 897 440 961 meipsum
452 911 504 963 pro
512 898 616 949 viribus
624 899 856 965 abimproborum
912 931 925 944 .,

48 966 205 1029 consorti03
236 971 265 1018 et
281 965 428 1016 sodalibus
449 967 639 1033 integerrimis
657 983 702 1018 me
723 966 856 1035 adiungo,

1 1073 2 1102 ,
49 1052 169 1106 quorum
179 1035 309 1086 convictu
320 1037 383 1086 iiam
395 1035 505 1087 melior.
514 1037 653 1088 saliente
661 1037 713 1088 tibi
724 1037 855 1089 consulis.

1 1119 2 1138 ¹
48 1110 240 1171 Corrumpunt
252 1105 326 1156 einim
338 1118 429 1155 mures
440 1106 529 1155 bonos
541 1105 680 1172 colloquia
693 1121 786 1172 prava.
810 1112 871 1160 (m.¹

49 1177 144 1228 Otium
158 1190 210 1228 ceu
220 1181 328 1240 pestem
339 1173 475 1242 quandam
488 1173 574 1241 fugio.
602 1189 649 1227 aa.
668 1176 728 1228 Nee
742 1177 855 1228 mimum:

48 1261 112 1296 nam
130 1243 201 1295 nibil
217 1242 354 1295 malorum
371 1257 427 1294 non
444 1243 526 1294 docet
541 1244 638 1296 otium.
675 1245 731 1297 Sed
742 1253 857 1297 utnune

46 1313 268 1366 sunt‘homirium
280 1327 386 1375 mores,
406 1311 483 1364 solus
493 1312 572 1363 vivat
583 1319 712 1379 oportet,
732 1315 778 1381 qui
788 1314 857 1366 uelit
884 1311 889 1318 '

50 1385 150 1436 abesse
162 1399 179 1434 a
189 1381 490 1433 malorum-consortio.
502 1379 615 1431 enNon
628 1385 742 1432 omnino
753 1396 857 1436 uanum

51 1458 109 1514 est,
129 1451 205 1520 quod
216 1452 292 1502 dieis.
329 1449 428 1502 Plures
443 1451 517 1500 enim
530 1449 609 1512 mali,
630 1456 663 1500 ut
673 1450 796 1501 Graecus
808 1450 858 1500 ille

50 1523 163 1590 sapiens
181 1522 253 1573 dixit
267 1521 306 1582 ⁴⁴).
343 1517 397 1570 Sed
410 1533 444 1570 ex
455 1520 550 1589 paucis
564 1521 684 1585 optimos
696 1519 799 1586 deligo.
815 1519 859 1570 'Et

49 1593 154 1660 probus
175 1591 280 1642 sodalis
295 1603 492 1656 nonnunquam
509 1588 636 1640 sodalem
653 1588 746 1642 reddit
756 1585 859 1640 molio-

49 1677 120 1714 rem.
140 1658 209 1712 vito
220 1657 322 1722 lusus,
333 1660 381 1727 qui‘
390 1663 542 1726 provocant
552 1658 587 1709 ad
604 1659 771 1726 nequitiam:
792 1664 858 1708 utor

48 1731 181 1784 innoxiis.
202 1731 315 1781 comem
327 1743 372 1780 me
383 1727 503 1794 praebeo
515 1727 658 1779 omnibus:
678 1728 727 1778 sod
739 1725 858 1776 familia·

48 1815 108 1854 rem
119 1815 175 1852 non
187 1801 240 1850 nisi
251 1798 342 1850 bonis.
375 1796 456 1857 Quod
469 1795 613 1862 siquando
625 1795 751 1847 incidero
763 1796 792 1846 in
802 1792 860 1846 tina·

48 1871 110 1934 los,
130 1875 180 1920 aut
191 1868 302 1934 corrigo
313 1866 415 1918 blande
427 1863 565 1916 monendo
572 1881 581 1928 3
593 1871 643 1918 aut
654 1864 808 1928 dissimulo,
819 1870 860 1914 to·

48 1941 178 2006 leroque:
190 1938 217 1989 si
226 1936 325 1988 videor
335 1949 389 1986 non
403 1934 595 2002 profecturus,
611 1941 700 1996 certe,l
711 1948 794 2002 quum
806 1933 862 1999 pri.-

804 553 980 608 oti.-⁴

49 2023 125 2062 mum
138 2008 221 2070 lieet,
236 2010 340 2057 memet
351 2004 384 2056 ab
396 2004 454 2056 illis
466 2003 596 2056 suffuror.
617 2019 663 2056 sn.
675 2003 861 2070 Nunquamne
937 2009 941 2022 ¹

48 2078 179 2130 titillavit
199 2078 321 2128 animum
341 2079 420 2125 tuum
441 2073 527 2125 libido
542 2072 697 2140 capiundae
715 2065 860 2122 cucullae!
911 2111 914 2123 ,

50 2163 94 2200 oi.
107 2147 272 2214 Nunquam
291 2143 341 2194 sed
352 2143 453 2194 crebro
462 2143 630 2194 sollicitatus
641 2155 701 2192 sum
717 2137 856 2202 aquibus·

51 2217 129 2277 dam,
151 2217 186 2267 ab
198 2215 253 2267 hoc
265 2211 375 2274 seculo,
394 2211 471 2264 velut
483 2210 674 2275 arraufragio‚
695 2205 731 2256 ad
746 2211 859 2272 portum

49 2285 288 2339 monasteriorum
299 2282 472 2333 vocantibus.
490 2278 573 2338 sn.Q
593 2279 622 2330 id
634 2290 686 2342 ego
698 2274 780 2326 audio
786 2273 799 2324 i,
809 2274 860 2324 Ca-

49 2355 171 2422 ptabant
187 2350 339 2418 praedam!
375 2365 417 2401 on.
441 2349 522 2400 Miris
532 2295 640 2398 teeimis
652 2343 747 2397 adorti
755 2347 821 2394 srrnt
833 2347 861 2394 et

50 2439 109 2485 me,
132 2428 161 2473 et
171 2427 311 2488 parentes.
329 2417 385 2470 Sed
395 2415 465 2468 mihi
476 2422 532 2468 stat
541 2417 695 2478 sententia,
717 2429 771 2466 non
784 2409 862 2464 addi·

51 2507 116 2546 uere
126 2507 173 2543 me
182 2491 229 2542 v'el
239 2489 431 2550 matrimonio,
452 2486 496 2539 vel
507 2485 678 2546 sacerdotio,
696 2483 862 2536 velinstitu·

50 2567 79 2614 to
92 2557 306 2619 monachorum,
328 2555 436 2608 autulii
448 2557 522 2606 vitae
532 2555 644 2622 generi,
659 2551 732 2604 unde
742 2557 806 2618 post
816 2562 861 2600 me
959 2595 960 2598 ,
1008 2531 1012 2536 “

48 2645 108 2683 uon
119 2643 219 2696 queam
230 2627 381 2688 extricare,
400 2624 561 2692 priusquam
573 2621 640 2674 mibi
651 2622 732 2674 iniero
742 2616 860 2687 pulchre

68 2731 100 2788 ⁴)
115 2732 185 2780 Bias,
199 2741 259 2774 unns
268 2727 279 2781 (
287 2732 314 2770 ut
322 2727 440 2782 volontJe
451 2729 538 2782 septem
547 2718 658 2768 Grattius
667 2719 818 2779 sapientibus,
828 2713 853 2758 ti

141 2788 179 2832 xit
181 2805 189 2835 ;
200 2786 222 2825 ot
231 2781 323 2828 πλείονες
332 2779 400 2819 κακοί.
