2160 3192
218 205 272 260 2⁷2
359 163 942 280 nnnn'nnsoruooornnu.3
1075 267 1079 274 .

217 308 303 364 istinc
324 307 469 374 minimum
489 309 659 378 estoeriouli
674 320 768 362 restra
784 326 883 378 opertu
904 314 1017 382 quondo·
1077 299 1080 318 ⁴

219 377 330 444 quidem
343 376 396 428 boe
407 378 490 446 agitis
501 378 607 441 sedulo,
619 395 653 453 ne
664 379 758 433 scietis
769 379 879 438 Latine.
902 399 948 444 uu.
959 384 1019 437 Vul.

219 459 270 512 gns
281 445 323 498 ito
334 448 433 509 sentit,
455 448 623 513 quintarum
641 455 668 500 et
686 449 829 505 insolitum
850 457 907 514 est,
927 453 1019 506 foeni·

217 529 282 565 noni
295 519 366 572 scire
377 516 486 568 Latine.
505 519 550 569 nin.
559 517 636 586 Quid
653 516 720 568 mihi
731 519 804 570 nitas
815 521 944 588 vulgum,
963 539 1019 590 pes.

218 586 319 635 oinium
331 587 401 638 bene
411 585 549 654 gerendae
561 589 603 640 rei
614 588 775 644 auctorent
793 591 869 660 uuio
881 593 951 644 mibi
962 609 1022 646 eon·

218 655 406 717 suetudinem,
438 659 559 706 oninium
579 659 715 713 malorum
730 673 822 714 reruni
839 663 1021 728 magistram!
1053 699 1055 706 ·

218 723 339 789 Optiinis
350 725 576 778 assuescendum:
599 725 641 778 ito
661 730 710 780 liet
729 729 857 792 solitunr,
876 731 1021 797 quoderat
1078 793 1080 808 Ι

217 795 373 846 insolitum:
397 803 425 848 et
436 810 521 847 suave
533 797 592 859 det,
613 797 687 864 quod
699 804 759 850 erat
771 799 899 872 insuam
919 803 967 854 liet
977 803 1021 862 de·

219 877 314 914 eorum
328 863 402 932 quod
411 866 559 918 videbatur
572 867 741 920 indecorum.
772 883 818 921 nu.
841 870 938 922 dudio.
971 889 1019 936 nu.

218 929 316 985 Nonne
329 933 459 986 decorum
476 942 531 1000 est,
561 936 712 990 ioenrinom
723 937 916 1001 inGerrneniu
927 948 1019 994 natam

92 1043 95 1052 .
120 991 143 1030 ‘,
219 991 326 1054 discere
339 1003 463 1064 Gallicel
482 1021 525 1068 nu.
537 1006 671 1070 Maxime,
683 1008 876 1070 nn.Qua1nob
888 1011 963 1072 remi
975 1027 1018 1064 nn.

217 1070 254 1120 Ut
266 1071 397 1138 loquatur
409 1071 472 1137 cuni
484 1075 540 1139 his,
563 1077 610 1144 qui
621 1078 712 1130 sciunt
723 1077 842 1140 Gallice.
866 1095 912 1131 ui.
925 1081 962 1141 Et
973 1082 1018 1140 nri·

216 1134 245 1188 hi
258 1142 524 1207 puteolanorum,
545 1147 570 1196 si
583 1146 685 1198 discam
702 1147 819 1210 Latino,
840 1155 871 1199 ut
893 1151 1018 1217 quotidie

216 1206 380 1274 edninbuler
396 1229 459 1275 curn
476 1219 519 1265 tol
535 1218 695 1269 auctoribus
712 1223 768 1268 tam
791 1216 934 1284 ineundis,
947 1269 949 1273 ,
963 1227 1018 1272 tam

216 1277 345 1342 eruditis,
367 1285 425 1332 tarn
437 1284 625 1350 sapientibus,
646 1293 704 1338 tarn
721 1287 783 1340 iidis
797 1289 1019 1352 consultoribus}

213 1359 259 1397 ru.
281 1345 357 1400 Libri
379 1351 503 1413 adimunt
515 1354 631 1406 multum
643 1357 751 1409 cerebri
769 1355 914 1424 foeminis¹
936 1375 1018 1427 quum

165 1435 170 1440 ·
215 1415 325 1484 alioqui
337 1435 435 1486 purum
448 1423 503 1476 illis
513 1424 642 1490 supersit.
667 1442 711 1478 nu.
732 1426 870 1487 Quarrtum
882 1428 963 1479 vobis
975 1445 1018 1480 su·

176 1547 178 1558 ,
214 1487 317 1556 persii,
346 1492 456 1554 nesei03
490 1499 566 1544 certe
585 1492 654 1546 mihi
673 1497 946 1566 quantulumeunque
967 1505 1030 1557 est.⁴
1078 1542 1080 1555 .

214 1556 311 1608 malim
324 1556 352 1606 in
364 1559 444 1608 bonis
455 1561 558 1614 studiis
569 1579 740 1630 consumere,
758 1581 840 1634 quarn
851 1568 879 1616 in
891 1569 1019 1635 precibus

215 1623 275 1688 sine
287 1630 379 1678 mente
398 1626 495 1691 dictis,
517 1631 544 1682 in
565 1637 742 1699 pernootibus
759 1635 904 1700 conviviis,
924 1638 954 1687 in
973 1651 1020 1688 ex·

214 1687 377 1744 hauriendis
388 1699 534 1761 capacibus
545 1704 657 1764 peteris.
684 1721 728 1758 su.
739 1706 888 1758 Librorum
903 1705 1022 1768 familia·

216 1761 288 1814 ritas
301 1763 375 1827 parit
385 1764 528 1826 insanium,
547 1783 595 1829 nt.
612 1775 653 1820 An
664 1767 805 1842 colloquia
816 1777 1021 1838 combiberunt,

216 1843 375 1894 scurrarum
396 1840 425 1884 et
441 1835 604 1887 sannionum
616 1838 667 1889 tibi
677 1854 731 1890 non
741 1844 1019 1908 pariuntinsaniarnl

215 1912 260 1948 nn.
272 1897 330 1948 ino
342 1899 485 1967 depellunt
496 1905 629 1958 taedium.
660 1925 706 1960 ns.
730 1910 784 1972 Qui
800 1913 849 1964 fiat
865 1915 955 1980 igitur
961 1920 1022 1977 ‚ut
1056 1918 1060 1922 ’

214 1971 273 2042 tem
296 1971 404 2022 amoeni
426 1974 625 2030 confabulones
646 1977 716 2030 mibi
735 1981 847 2045 pariant
860 1981 1021 2038 insanienti

214 2048 258 2089 iu.
271 2035 318 2090 sic
328 2041 413 2094 aiunt.
434 2059 481 2095 nn.
491 2045 526 2095 nt
538 2045 612 2098 aliud
624 2049 683 2112 ipsa
694 2048 818 2116 loquitur
828 2067 880 2104 res.
904 2055 1020 2121 Quantti

211 2106 310 2172 plures
321 2108 455 2176 videmus,
476 2111 735 2180 quibuoirnmodicn
745 2121 868 2189 potatio,
880 2128 909 2174 et
920 2123 1022 2176 intem·

203 2177 324 2240 ¹pustino
335 2183 477 2245 convivia,
497 2182 596 2250 quibus
607 2186 761 2241 temulenta
771 2188 918 2258 pervigilio
929 2229 937 2254 ‚
960 2195 1021 2261 qui·

213 2243 264 2293 bus
281 2248 450 2319 impotentes
465 2251 581 2304 effeetus
591 2265 764 2322 ‚pepererunt
779 2260 935 2318 insoniam!
973 2277 1020 2315 nn.
1078 2289 1079 2294 =

211 2309 274 2377 Ego
295 2331 362 2370 sane
382 2313 486 2376 nollem
501 2337 616 2378 uxorem
630 2322 750 2382 dociam.
770 2345 816 2382 nn.
831 2332 868 2389 At
883 2345 937 2398 ogo
949 2331 1022 2385 mihi

212 2381 356 2448 gratulor,
376 2390 421 2439 eui
431 2389 583 2459 contigerit
593 2395 708 2446 maritus
720 2397 764 2448 tui
773 2396 926 2452 dissimilis.
940 2399 1020 2453 Nam

142 2509 148 2520 Ι
210 2452 239 2498 et
260 2449 340 2502 illum
360 2455 443 2521 mihi,
465 2465 494 2510 et
508 2475 551 2514 nro
565 2461 609 2513 illi
624 2464 758 2518 cariorem
770 2467 866 2518 reddit
877 2470 1018 2523 eruditio.

208 2531 252 2568 uu.
264 2515 410 2598 immensis
419 2513 566 2582 laboribus
579 2542 757 2598 eomparatur
767 2537 899 2601 eruditio,
908 2555 942 2591 ae
952 2545 1022 2606 post

208 2588 443 2669 nnoriendunrest.
471 2614 517 2650 un.
539 2599 593 2652 Dio
609 2601 690 2666 mibi,
713 2606 756 2656 vir
766 2609 896 2675 egregie,
916 2610 942 2660 si
954 2624 1020 2662 erus

208 2655 260 2704 tuln
271 2661 441 2714 moriendum
453 2672 645 2732 sescundum
657 2673 754 2725 nielles
764 2676 836 2726 mori
846 2678 964 2733 stultior
980 2695 1020 2732 an

205 2724 375 2789 sapientior!
392 2747 438 2786 uu.
449 2733 478 2788 Si
489 2729 561 2800 citro
571 2737 697 2796 laborem
713 2744 891 2815 contingeret
902 2748 1019 2816 sapien·

455 3007 460 3037 l
