2132 3196
107 209 112 220 κ
209 195 244 256 oa
342 225 344 230 -
491 146 733 246 r'onuunnn.

209 289 347 366 proditam
358 293 529 348 auctorihuoc
549 294 604 348 nini
614 291 689 347 torte
699 293 750 345 tibi
762 307 859 362 parum
871 296 1016 366 spectatae
1059 299 1060 302 ’

211 367 277 419 lidei
288 371 331 417 est
340 365 425 417 Aulus
436 363 553 420 Gellius.
590 379 637 416 cn.
650 361 723 430 Milli
732 377 814 427 vero,
836 378 907 430 quae
917 362 1018 412 scribit

154 493 156 500 ¹
212 434 276 501 illep
293 433 364 488 iulia
379 431 505 502 Sibyllae
521 438 588 485 eunt
599 435 700 486 omnia.
737 445 782 484 en.
803 432 876 494 Quid
899 431 1015 482 tandem
1059 497 1061 502 ,

124 525 127 532 ·
211 502 372 571 theologum
383 509 427 553 tot
441 517 529 555 ennon
539 493 693 555 conmiaose
704 501 793 554 rerinl
821 501 892 554 Nam
907 498 1017 574 tlreolo·

212 588 278 641 gum
288 571 387 635 fuisse,
406 572 547 642 proditum
557 578 610 626 eet.
628 587 675 626 cu.
696 571 800 625 Audire
810 571 917 641 gestio:

531 673 688 744 Responsio.
753 683 783 726 s·

260 775 308 814 η.
327 759 399 823 uun
418 759 507 824 aliud,
527 770 608 829 quam
621 776 692 828 quae
702 768 801 828 postea
817 755 943 829 prodidit
953 756 1018 815 Sco·

211 839 271 894 tus,
292 837 320 883 et
330 829 411 882 huius
422 831 530 883 farinae
541 829 669 883 sodales?
689 831 743 882 Sed
755 833 825 883 bene
836 845 898 881 cum
909 829 1021 895 Epime-

211 901 275 952 nidc
285 906 377 952 actum
389 905 446 964 est,
465 900 514 968 qui
525 900 569 952 vel
579 901 691 952 tandem
703 900 737 951 ad
747 915 778 952 se
789 898 921 952 redierit:
945 896 1016 948 mul·

211 973 234 1022 ti
252 968 377 1038 theologi
395 985 534 1039 nunqnam
549 971 782 1037 expergiscuntur
795 969 879 1020 acuis
889 966 1018 1019 somniis.

212 1041 341 1106 erenge,
360 1039 430 1090 facio
439 1047 471 1091 ut
482 1043 566 1105 poeta
575 1039 688 1106 dignum
701 1045 757 1098 eet:
776 1038 825 1092 ted
840 1051 925 1105 perge
942 1051 1021 1087 men·

213 1108 270 1159 tiri.
291 1122 335 1158 rr..
352 1107 530 1173 Epimenides
541 1107 628 1173 igitur
639 1123 737 1160 somno
748 1109 870 1170 solutus,
880 1122 895 1159 e
907 1105 1021 1172 spelun-

213 1189 247 1228 ca
258 1175 366 1242 prodit,
382 1176 579 1243 circumspicit,
591 1184 700 1228 mutata
710 1177 787 1228 videt
798 1178 905 1236 emnia,
916 1173 1021 1241 sylvae,

216 1245 304 1311 ripae,
326 1243 456 1308 flumina,
477 1245 607 1307 arboreo,
628 1260 724 1314 agree,
743 1247 867 1298 breviter
881 1242 952 1295 nihil
964 1249 1032 1294 non·

217 1328 330 1367 nouum.
353 1315 467 1367 Accedit
486 1314 523 1367 ad
538 1315 648 1376 urbem,
668 1320 862 1382 percontatur,
880 1312 1023 1366 manetil·

218 1383 256 1436 lic
266 1382 452 1450 aliquamdiu,
464 1398 554 1453 neque
565 1385 643 1435 novit
654 1399 819 1452 quenquam,
828 1398 917 1452 neque
929 1397 947 1434 e
956 1396 1025 1450 quo·

218 1454 292 1522 piam
305 1453 417 1521 agnitus
428 1459 482 1505 eet.
516 1452 595 1506 Alius
606 1452 749 1506 hominum
761 1455 866 1517 cultus,
887 1467 940 1505 nec
949 1452 1024 1502 idem

145 1531 153 1540 ‘
203 1523 329 1585 ¹vulturi,
350 1529 474 1574 mutatus
485 1536 592 1587 nermo,
613 1522 719 1575 diverti
728 1538 828 1576 moret.
855 1520 915 1575 Nec
928 1521 1026 1582 miron,

131 1609 132 1615 ¹
165 1635 167 1640 .
219 1589 274 1646 hoc
283 1581 439 1657 Epimenidi
451 1597 629 1658 poettantirm
642 1606 778 1645 annorum
791 1591 929 1655 euenisse,
939 1605 1025 1658 quum

219 1660 286 1714 nihi
298 1659 372 1712 idem
388 1661 586 1727 propemodum
599 1662 740 1725 evenerit,
761 1663 810 1730 qui
825 1661 958 1730 pauculos
976 1674 1026 1710 an·
1064 1699 1065 1702 ,

217 1745 270 1784 noo
280 1729 440 1782 ablutorem.
451 1743 507 1797 ¹cn.
528 1728 602 1792 Quid
611 1737 728 1800 uterque
740 1730 856 1799 parenni
877 1725 1027 1781 vivuntnet

218 1815 263 1852 rr.
279 1798 385 1852 Vivunt
395 1800 489 1863 annno,
500 1805 529 1851 et
538 1801 632 1852 velerit
642 1807 797 1870 utcunque,
808 1800 896 1863 tenio,
918 1799 1026 1860 morbo,

218 1868 338 1934 denique
348 1868 483 1920 bellorum
496 1869 657 1924 calamitate
668 1870 798 1922 coniecti.
818 1884 865 1922 cu.
890 1869 970 1920 llaec
981 1874 1028 1918 cst

218 1935 355 1988 humanae
369 1936 445 1988 vitae
466 1939 621 1992 comoedia.
667 1939 747 1993 llaec
767 1946 811 1992 eet
830 1940 952 1991 fatorum
978 1937 1027 1988 lex

218 2005 401 2059 inevitabilis.
436 2021 481 2058 rr.
503 2008 638 2060 Coenabio
652 2007 843 2061 hodiednmii
871 2022 922 2060 cu.
942 2006 1027 2060 Foris

218 2081 389 2128 coenaturus
407 2089 477 2128 eum.
513 2077 595 2130 Foris
610 2078 783 2130 coenandum
801 2075 930 2130 estmihl.
976 2089 1025 2128 ru.

218 2145 297 2213 Apud
309 2145 412 2213 quemi.
429 2159 476 2197 cra.
487 2146 566 2214 Apud
583 2161 709 2198 socerum
726 2163 833 2209 meum,
853 2145 927 2214 apud
943 2159 1027 2214 genc-

219 2230 280 2266 rum
291 2229 398 2278 meum,
409 2214 592 2285 apudnurum
604 2228 702 2280 mecm,
714 2215 786 2284 opud
802 2219 911 2269 affinem
923 2229 1028 2267 meum.

221 2281 325 2335 Affines
337 2284 480 2348 dicuntur,
501 2286 615 2356 quinon
628 2279 783 2353 sanguinis,
795 2287 844 2338 sed
855 2285 1028 2337 matrimonii

223 2353 418 2405 coniunctione
429 2356 552 2421 copulati
562 2362 636 2406 eunt.
656 2370 702 2407 rnz.
713 2354 792 2416 Quae
803 2361 868 2406 eunt
877 2354 964 2423 igitur
974 2353 1030 2406 usi·

219 2425 283 2471 tata
293 2422 429 2474 uocabula
439 2425 605 2478 affinitatum
616 2422 627 2474 l
650 2439 697 2476 on.
708 2425 827 2477 Meritus
838 2430 866 2477 et
876 2439 962 2487 uxor,
978 2437 1029 2474 nn·

220 2495 252 2540 ta
262 2498 327 2543 eunt
340 2491 459 2542 nomina.

328 2575 415 2630 Socer
424 2575 521 2628 uxoris
532 2592 612 2640 meae
622 2581 706 2646 pater
715 2582 759 2630 eet
767 2575 844 2630 mihi.
898 2548 902 2570 ¹

326 2645 423 2698 Gener
432 2647 507 2698 tiliae
520 2661 599 2698 meae
610 2649 734 2698 maritus.
762 2687 765 2693 .

288 2765 289 2768 ,
326 2715 431 2768 Soccus
441 2718 536 2766 uxoris
548 2730 626 2768 moue
636 2721 733 2767 muter.
