<?xml version="1.0" encoding="UTF-8"?>
<!DOCTYPE html PUBLIC "-//W3C//DTD XHTML 1.0 Transitional//EN"
    "http://www.w3.org/TR/xhtml1/DTD/xhtml1-transitional.dtd">
<html xmlns="http://www.w3.org/1999/xhtml" xml:lang="en" lang="en">
 <head>
  <title>
</title>
<meta http-equiv="Content-Type" content="text/html;charset=utf-8" />
  <meta name='ocr-system' content='tesseract 3.04.00' />
  <meta name='ocr-capabilities' content='ocr_page ocr_carea ocr_par ocr_line ocrx_word'/>
</head>
<body>
  <div class='ocr_page' id='page_1' title='image "./desideriierasmi00erasgoog_0124.png"; bbox 0 0 2150 3198; ppageno 0'>
   <div class='ocr_carea' id='block_1_1' title="bbox 196 119 891 234">
    <p class='ocr_par' dir='ltr' id='par_1_1' title="bbox 196 119 891 234">
     <span class='ocr_line' id='line_1_1' title="bbox 196 119 891 234; baseline -0.009 -8"><span class='ocrx_word' id='word_1_1' title='bbox 196 149 250 228; x_wconf 79' lang='lat' dir='ltr'>lm</span> <span class='ocrx_word' id='word_1_2' title='bbox 310 119 564 226; x_wconf 65' lang='lat' dir='ltr'>xcolomvroru</span> <span class='ocrx_word' id='word_1_3' title='bbox 594 146 891 234; x_wconf 59' lang='lat' dir='ltr'>residissem(</span> 
     </span>
    </p>
   </div>
   <div class='ocr_carea' id='block_1_2' title="bbox 96 270 1073 2764">
    <p class='ocr_par' dir='ltr' id='par_1_2' title="bbox 180 270 1007 758">
     <span class='ocr_line' id='line_1_2' title="bbox 180 270 1007 344; baseline -0.004 -15"><span class='ocrx_word' id='word_1_4' title='bbox 180 309 183 316; x_wconf 87' lang='lat'>·</span> <span class='ocrx_word' id='word_1_5' title='bbox 195 270 378 330; x_wconf 68' lang='lat' dir='ltr'>ismsi‘lieoati</span> <span class='ocrx_word' id='word_1_6' title='bbox 390 279 474 344; x_wconf 84' lang='lat' dir='ltr'>utque</span> <span class='ocrx_word' id='word_1_7' title='bbox 485 272 539 327; x_wconf 90' lang='lat' dir='ltr'>boo</span> <span class='ocrx_word' id='word_1_8' title='bbox 550 273 661 327; x_wconf 85' lang='lat' dir='ltr'>nomine</span> <span class='ocrx_word' id='word_1_9' title='bbox 672 271 739 325; x_wconf 89' lang='lat' dir='ltr'>mihi</span> <span class='ocrx_word' id='word_1_10' title='bbox 749 273 794 326; x_wconf 83' lang='lat' dir='ltr'>rel</span> <span class='ocrx_word' id='word_1_11' title='bbox 804 272 954 341; x_wconf 74' lang='lat' dir='ltr'><strong>praecipue</strong></span> <span class='ocrx_word' id='word_1_12' title='bbox 965 274 1007 326; x_wconf 83' lang='lat' dir='ltr'>vi·</span> 
     </span>
     <span class='ocr_line' id='line_1_3' title="bbox 196 343 1006 411; baseline -0.002 -13"><span class='ocrx_word' id='word_1_13' title='bbox 196 347 265 398; x_wconf 87' lang='lat' dir='ltr'>deor</span> <span class='ocrx_word' id='word_1_14' title='bbox 277 345 447 397; x_wconf 78' lang='lat' dir='ltr'>fortunatus.</span> <span class='ocrx_word' id='word_1_15' title='bbox 483 345 541 398; x_wconf 85' lang='lat' dir='ltr'>Neo</span> <span class='ocrx_word' id='word_1_16' title='bbox 559 345 633 397; x_wconf 81' lang='lat' dir='ltr'>enirn</span> <span class='ocrx_word' id='word_1_17' title='bbox 649 343 719 394; x_wconf 90' lang='lat' dir='ltr'>mibi</span> <span class='ocrx_word' id='word_1_18' title='bbox 729 343 820 411; x_wconf 78' lang='lat' dir='ltr'>placet</span> <span class='ocrx_word' id='word_1_19' title='bbox 832 358 928 396; x_wconf 88' lang='lat' dir='ltr'>eorum</span> <span class='ocrx_word' id='word_1_20' title='bbox 941 359 1006 396; x_wconf 89' lang='lat' dir='ltr'>sen·</span> 
     </span>
     <span class='ocr_line' id='line_1_4' title="bbox 193 409 1004 482; baseline -0.002 -15"><span class='ocrx_word' id='word_1_21' title='bbox 193 416 293 478; x_wconf 79' lang='lat' dir='ltr'>tentia,</span> <span class='ocrx_word' id='word_1_22' title='bbox 304 414 350 482; x_wconf 85' lang='lat' dir='ltr'>qui</span> <span class='ocrx_word' id='word_1_23' title='bbox 361 414 532 466; x_wconf 80' lang='lat' dir='ltr'>fortunatum</span> <span class='ocrx_word' id='word_1_24' title='bbox 545 419 653 480; x_wconf 85' lang='lat' dir='ltr'>potunt,</span> <span class='ocrx_word' id='word_1_25' title='bbox 662 427 778 464; x_wconf 85' lang='lat' dir='ltr'>uxorem</span> <span class='ocrx_word' id='word_1_26' title='bbox 791 409 921 464; x_wconf 73' lang='lat' dir='ltr'>habuisse</span> <span class='ocrx_word' id='word_1_27' title='bbox 934 429 1004 465; x_wconf 90' lang='lat' dir='ltr'>nun·</span> 
     </span>
     <span class='ocr_line' id='line_1_5' title="bbox 195 480 1004 552; baseline 0 -17"><span class='ocrx_word' id='word_1_28' title='bbox 195 499 290 552; x_wconf 84' lang='lat' dir='ltr'>qoam:</span> <span class='ocrx_word' id='word_1_29' title='bbox 326 485 416 552; x_wconf 80' lang='lat' dir='ltr'>magis</span> <span class='ocrx_word' id='word_1_30' title='bbox 437 484 559 546; x_wconf 75' lang='lat' dir='ltr'>arridet,</span> <span class='ocrx_word' id='word_1_31' title='bbox 587 481 661 550; x_wconf 89' lang='lat' dir='ltr'>quod</span> <span class='ocrx_word' id='word_1_32' title='bbox 681 483 722 534; x_wconf 87' lang='lat' dir='ltr'>eit</span> <span class='ocrx_word' id='word_1_33' title='bbox 743 480 854 548; x_wconf 80' lang='lat' dir='ltr'>sepiens</span> <span class='ocrx_word' id='word_1_34' title='bbox 875 481 1004 534; x_wconf 77' lang='lat' dir='ltr'>Hebrae-</span> 
     </span>
     <span class='ocr_line' id='line_1_6' title="bbox 195 550 1005 620; baseline 0 -16"><span class='ocrx_word' id='word_1_35' title='bbox 195 568 246 616; x_wconf 89' lang='lat' dir='ltr'>us,</span> <span class='ocrx_word' id='word_1_36' title='bbox 267 552 293 604; x_wconf 87' lang='lat' dir='ltr'>ei</span> <span class='ocrx_word' id='word_1_37' title='bbox 307 552 410 604; x_wconf 81' lang='lat' dir='ltr'>bouum</span> <span class='ocrx_word' id='word_1_38' title='bbox 421 558 526 605; x_wconf 90' lang='lat' dir='ltr'>sortem</span> <span class='ocrx_word' id='word_1_39' title='bbox 538 553 685 620; x_wconf 76' lang='lat' dir='ltr'>obtigisse,</span> <span class='ocrx_word' id='word_1_40' title='bbox 706 551 750 604; x_wconf 85' lang='lat' dir='ltr'>eui</span> <span class='ocrx_word' id='word_1_41' title='bbox 762 550 864 618; x_wconf 81' lang='lat' dir='ltr'>obtigit</span> <span class='ocrx_word' id='word_1_42' title='bbox 873 565 944 602; x_wconf 84' lang='lat' dir='ltr'>uxor</span> <span class='ocrx_word' id='word_1_43' title='bbox 954 553 1005 604; x_wconf 92' lang='lat' dir='ltr'>bo·</span> 
     </span>
     <span class='ocr_line' id='line_1_7' title="bbox 196 620 1005 688; baseline -0.001 -15"><span class='ocrx_word' id='word_1_44' title='bbox 196 637 241 674; x_wconf 69' lang='lat' dir='ltr'>nu</span> <span class='ocrx_word' id='word_1_45' title='bbox 277 635 316 672; x_wconf 82' lang='lat' dir='ltr'>rr.</span> <span class='ocrx_word' id='word_1_46' title='bbox 338 620 435 688; x_wconf 81' lang='lat' dir='ltr'>-Ssepe</span> <span class='ocrx_word' id='word_1_47' title='bbox 451 628 547 673; x_wconf 84' lang='lat' dir='ltr'>nostro</span> <span class='ocrx_word' id='word_1_48' title='bbox 559 620 627 673; x_wconf 86' lang='lat' dir='ltr'>vitio</span> <span class='ocrx_word' id='word_1_49' title='bbox 639 621 729 672; x_wconf 78' lang='lat' dir='ltr'>maluo</span> <span class='ocrx_word' id='word_1_50' title='bbox 739 626 805 670; x_wconf 93' lang='lat' dir='ltr'>sunt</span> <span class='ocrx_word' id='word_1_51' title='bbox 815 634 931 684; x_wconf 82' lang='lat' dir='ltr'>uxores,</span> <span class='ocrx_word' id='word_1_52' title='bbox 959 621 1005 672; x_wconf 82' lang='lat' dir='ltr'>rel</span> 
     </span>
     <span class='ocr_line' id='line_1_8' title="bbox 197 688 1005 758; baseline 0.001 -17"><span class='ocrx_word' id='word_1_53' title='bbox 197 691 342 757; x_wconf 80' lang='lat' dir='ltr'>quintules</span> <span class='ocrx_word' id='word_1_54' title='bbox 360 689 524 758; x_wconf 81' lang='lat' dir='ltr'>deligimus,</span> <span class='ocrx_word' id='word_1_55' title='bbox 541 691 586 742; x_wconf 80' lang='lat' dir='ltr'>nel</span> <span class='ocrx_word' id='word_1_56' title='bbox 601 690 666 758; x_wconf 82' lang='lat' dir='ltr'>quin</span> <span class='ocrx_word' id='word_1_57' title='bbox 680 689 751 742; x_wconf 80' lang='lat' dir='ltr'>tales</span> <span class='ocrx_word' id='word_1_58' title='bbox 770 688 928 753; x_wconf 83' lang='lat' dir='ltr'>reddimus,</span> <span class='ocrx_word' id='word_1_59' title='bbox 956 691 1005 742; x_wconf 86' lang='lat' dir='ltr'>vel</span> 
     </span>
    </p>

    <p class='ocr_par' dir='ltr' id='par_1_3' title="bbox 96 758 1073 2764">
     <span class='ocr_line' id='line_1_9' title="bbox 218 758 1004 828; baseline 0 -18"><span class='ocrx_word' id='word_1_60' title='bbox 218 760 265 812; x_wconf 84' lang='lat' dir='ltr'>uis</span> <span class='ocrx_word' id='word_1_61' title='bbox 275 775 346 822; x_wconf 88' lang='lat' dir='ltr'>nou,</span> <span class='ocrx_word' id='word_1_62' title='bbox 368 766 399 812; x_wconf 92' lang='lat' dir='ltr'>ut</span> <span class='ocrx_word' id='word_1_63' title='bbox 411 766 536 827; x_wconf 84' lang='lat' dir='ltr'>oportet,</span> <span class='ocrx_word' id='word_1_64' title='bbox 553 758 709 828; x_wconf 76' lang='lat' dir='ltr'>formemus</span> <span class='ocrx_word' id='word_1_65' title='bbox 720 764 749 810; x_wconf 89' lang='lat' dir='ltr'>et</span> <span class='ocrx_word' id='word_1_66' title='bbox 758 758 942 810; x_wconf 68' lang='lat' dir='ltr'>instituimus.</span> <span class='ocrx_word' id='word_1_67' title='bbox 954 772 1004 810; x_wconf 82' lang='lat' dir='ltr'>so.</span> 
     </span>
     <span class='ocr_line' id='line_1_10' title="bbox 224 828 1004 896; baseline -0.004 -14"><span class='ocrx_word' id='word_1_68' title='bbox 224 845 273 882; x_wconf 84' lang='lat' dir='ltr'>ers</span> <span class='ocrx_word' id='word_1_69' title='bbox 283 829 441 896; x_wconf 78' lang='lat' dir='ltr'>praedicas:</span> <span class='ocrx_word' id='word_1_70' title='bbox 453 828 504 881; x_wconf 88' lang='lat' dir='ltr'>sed</span> <span class='ocrx_word' id='word_1_71' title='bbox 514 828 627 880; x_wconf 84' lang='lat' dir='ltr'>interim</span> <span class='ocrx_word' id='word_1_72' title='bbox 638 834 768 894; x_wconf 84' lang='lat' dir='ltr'>exspecto</span> <span class='ocrx_word' id='word_1_73' title='bbox 780 829 881 879; x_wconf 80' lang='lat' dir='ltr'>tertiae</span> <span class='ocrx_word' id='word_1_74' title='bbox 891 832 1004 880; x_wconf 88' lang='lat' dir='ltr'>seuten-</span> 
     </span>
     <span class='ocr_line' id='line_1_11' title="bbox 195 893 1004 961; baseline -0.006 -11"><span class='ocrx_word' id='word_1_75' title='bbox 195 901 252 951; x_wconf 84' lang='lat' dir='ltr'>tiae</span> <span class='ocrx_word' id='word_1_76' title='bbox 263 899 516 961; x_wconf 75' lang='lat' dir='ltr'>enarrationem,et</span> <span class='ocrx_word' id='word_1_77' title='bbox 525 901 580 950; x_wconf 82' lang='lat' dir='ltr'>ium</span> <span class='ocrx_word' id='word_1_78' title='bbox 594 895 659 956; x_wconf 83' lang='lat' dir='ltr'>mibi</span> <span class='ocrx_word' id='word_1_79' title='bbox 670 897 805 948; x_wconf 85' lang='lat' dir='ltr'>dictoriro</span> <span class='ocrx_word' id='word_1_80' title='bbox 816 893 1004 948; x_wconf 74' lang='lat' dir='ltr'>rideturosd-</span> 
     </span>
     <span class='ocr_line' id='line_1_12' title="bbox 194 965 1003 1036; baseline 0 -20"><span class='ocrx_word' id='word_1_81' title='bbox 194 967 505 1035; x_wconf 71' lang='lat' dir='ltr'>msvurocheopbilos.</span> <span class='ocrx_word' id='word_1_82' title='bbox 517 967 632 1018; x_wconf 73' lang='lat' dir='ltr'>eminio</span> <span class='ocrx_word' id='word_1_83' title='bbox 645 965 711 1017; x_wconf 86' lang='lat' dir='ltr'>milri</span> <span class='ocrx_word' id='word_1_84' title='bbox 722 967 831 1036; x_wconf 82' lang='lat' dir='ltr'>unimus</span> <span class='ocrx_word' id='word_1_85' title='bbox 842 973 902 1018; x_wconf 81' lang='lat' dir='ltr'>erat</span> <span class='ocrx_word' id='word_1_86' title='bbox 913 965 941 1016; x_wconf 91' lang='lat' dir='ltr'>in</span> <span class='ocrx_word' id='word_1_87' title='bbox 955 973 1003 1032; x_wconf 78' lang='lat' dir='ltr'>pu·</span> 
     </span>
     <span class='ocr_line' id='line_1_13' title="bbox 194 1034 1003 1104; baseline 0 -18"><span class='ocrx_word' id='word_1_88' title='bbox 194 1034 278 1086; x_wconf 84' lang='lat' dir='ltr'>tinis:</span> <span class='ocrx_word' id='word_1_89' title='bbox 298 1034 388 1089; x_wconf 82' lang='lat' dir='ltr'>diuum</span> <span class='ocrx_word' id='word_1_90' title='bbox 400 1044 506 1099; x_wconf 84' lang='lat' dir='ltr'>tumen,</span> <span class='ocrx_word' id='word_1_91' title='bbox 517 1037 628 1104; x_wconf 81' lang='lat' dir='ltr'>qusndo</span> <span class='ocrx_word' id='word_1_92' title='bbox 638 1037 706 1087; x_wconf 88' lang='lat' dir='ltr'>lieet</span> <span class='ocrx_word' id='word_1_93' title='bbox 717 1037 838 1102; x_wconf 88' lang='lat' dir='ltr'>impune.</span> <span class='ocrx_word' id='word_1_94' title='bbox 850 1049 897 1086; x_wconf 84' lang='lat' dir='ltr'>so.</span> <span class='ocrx_word' id='word_1_95' title='bbox 909 1035 1003 1086; x_wconf 81' lang='lat' dir='ltr'>Etiam</span> 
     </span>
     <span class='ocr_line' id='line_1_14' title="bbox 197 1103 1004 1172; baseline -0.002 -17"><span class='ocrx_word' id='word_1_96' title='bbox 197 1118 259 1155; x_wconf 79' lang='lat' dir='ltr'>onim</span> <span class='ocrx_word' id='word_1_97' title='bbox 271 1109 364 1170; x_wconf 78' lang='lat' dir='ltr'>gratis</span> <span class='ocrx_word' id='word_1_98' title='bbox 374 1106 470 1158; x_wconf 81' lang='lat' dir='ltr'>licebit</span> <span class='ocrx_word' id='word_1_99' title='bbox 480 1119 590 1168; x_wconf 82' lang='lat' dir='ltr'>errore;</span> <span class='ocrx_word' id='word_1_100' title='bbox 610 1103 654 1156; x_wconf 79' lang='lat' dir='ltr'>uel</span> <span class='ocrx_word' id='word_1_101' title='bbox 670 1107 711 1156; x_wconf 86' lang='lat' dir='ltr'>sio</span> <span class='ocrx_word' id='word_1_102' title='bbox 721 1105 866 1172; x_wconf 75' lang='lat' dir='ltr'>praebebis</span> <span class='ocrx_word' id='word_1_103' title='bbox 878 1105 1004 1156; x_wconf 79' lang='lat' dir='ltr'>occasio-</span> 
     </span>
     <span class='ocr_line' id='line_1_15' title="bbox 196 1171 1004 1236; baseline 0 -12"><span class='ocrx_word' id='word_1_104' title='bbox 196 1187 260 1226; x_wconf 81' lang='lat' dir='ltr'>nom</span> <span class='ocrx_word' id='word_1_105' title='bbox 270 1171 438 1230; x_wconf 83' lang='lat' dir='ltr'>inveniendi.</span> <span class='ocrx_word' id='word_1_106' title='bbox 468 1189 519 1228; x_wconf 83' lang='lat' dir='ltr'>rrr.</span> <span class='ocrx_word' id='word_1_107' title='bbox 541 1174 611 1228; x_wconf 84' lang='lat' dir='ltr'>Mihi</span> <span class='ocrx_word' id='word_1_108' title='bbox 623 1175 732 1226; x_wconf 81' lang='lat' dir='ltr'>videtur</span> <span class='ocrx_word' id='word_1_109' title='bbox 742 1173 838 1225; x_wconf 77' lang='lat' dir='ltr'>eedem</span> <span class='ocrx_word' id='word_1_110' title='bbox 851 1173 1004 1236; x_wconf 84' lang='lat' dir='ltr'>sententia,</span> 
     </span>
     <span class='ocr_line' id='line_1_16' title="bbox 198 1240 1002 1310; baseline 0.002 -18"><span class='ocrx_word' id='word_1_111' title='bbox 198 1255 280 1308; x_wconf 82' lang='lat' dir='ltr'>quam</span> <span class='ocrx_word' id='word_1_112' title='bbox 298 1245 418 1310; x_wconf 82' lang='lat' dir='ltr'>protulit</span> <span class='ocrx_word' id='word_1_113' title='bbox 429 1245 571 1296; x_wconf 86' lang='lat' dir='ltr'>Dominus·</span> <span class='ocrx_word' id='word_1_114' title='bbox 581 1243 654 1310; x_wconf 88' lang='lat' dir='ltr'>opud</span> <span class='ocrx_word' id='word_1_115' title='bbox 668 1246 739 1296; x_wconf 86' lang='lat' dir='ltr'>Osee</span> <span class='ocrx_word' id='word_1_116' title='bbox 757 1240 926 1308; x_wconf 80' lang='lat' dir='ltr'>Prophetom</span> <span class='ocrx_word' id='word_1_117' title='bbox 942 1256 1002 1308; x_wconf 79' lang='lat' dir='ltr'>cap.</span> 
     </span>
     <span class='ocr_line' id='line_1_17' title="bbox 196 1309 1005 1381; baseline 0.002 -19"><span class='ocrx_word' id='word_1_118' title='bbox 196 1311 222 1362; x_wconf 79' lang='grc'>6.</span> <span class='ocrx_word' id='word_1_119' title='bbox 243 1309 461 1368; x_wconf 76' lang='lat' dir='ltr'>Misericordiam</span> <span class='ocrx_word' id='word_1_120' title='bbox 473 1314 559 1376; x_wconf 79' lang='lat' dir='ltr'>uolui,</span> <span class='ocrx_word' id='word_1_121' title='bbox 581 1311 857 1381; x_wconf 80' lang='lat' dir='ltr'>etnonsaerifieiom,</span> <span class='ocrx_word' id='word_1_122' title='bbox 877 1320 905 1364; x_wconf 85' lang='lat' dir='ltr'>et</span> <span class='ocrx_word' id='word_1_123' title='bbox 919 1311 1005 1364; x_wconf 78' lang='lat' dir='ltr'>scies·</span> 
     </span>
     <span class='ocr_line' id='line_1_18' title="bbox 198 1379 1003 1452; baseline 0 -20"><span class='ocrx_word' id='word_1_124' title='bbox 198 1379 268 1437; x_wconf 81' lang='lat' dir='ltr'>tiam</span> <span class='ocrx_word' id='word_1_125' title='bbox 279 1380 335 1436; x_wconf 84' lang='lat' dir='ltr'>Dei</span> <span class='ocrx_word' id='word_1_126' title='bbox 341 1386 404 1452; x_wconf 82' lang='lat' dir='ltr'>plus</span> <span class='ocrx_word' id='word_1_127' title='bbox 414 1399 495 1450; x_wconf 77' lang='lat' dir='ltr'>quem</span> <span class='ocrx_word' id='word_1_128' title='bbox 506 1383 674 1436; x_wconf 74' lang='lat' dir='ltr'>holocausta.</span> <span class='ocrx_word' id='word_1_129' title='bbox 711 1382 804 1442; x_wconf 71' lang='lat' dir='ltr'>Cuius</span> <span class='ocrx_word' id='word_1_130' title='bbox 812 1381 891 1432; x_wconf 84' lang='lat' dir='ltr'>vivos</span> <span class='ocrx_word' id='word_1_131' title='bbox 905 1388 936 1432; x_wconf 90' lang='lat' dir='ltr'>et</span> <span class='ocrx_word' id='word_1_132' title='bbox 945 1383 1003 1432; x_wconf 83' lang='lat' dir='ltr'>elii-</span> 
     </span>
     <span class='ocr_line' id='line_1_19' title="bbox 199 1449 1038 1522; baseline -0.004 -21"><span class='ocrx_word' id='word_1_133' title='bbox 199 1465 252 1502; x_wconf 84' lang='lat' dir='ltr'>cex</span> <span class='ocrx_word' id='word_1_134' title='bbox 270 1454 408 1522; x_wconf 78' lang='lat' dir='ltr'>interpres</span> <span class='ocrx_word' id='word_1_135' title='bbox 425 1459 469 1504; x_wconf 90' lang='lat' dir='ltr'>est</span> <span class='ocrx_word' id='word_1_136' title='bbox 478 1454 615 1504; x_wconf 87' lang='lat' dir='ltr'>Dominus</span> <span class='ocrx_word' id='word_1_137' title='bbox 635 1454 712 1504; x_wconf 87' lang='lat' dir='ltr'>lesus</span> <span class='ocrx_word' id='word_1_138' title='bbox 726 1451 756 1502; x_wconf 88' lang='lat' dir='ltr'>in</span> <span class='ocrx_word' id='word_1_139' title='bbox 766 1450 919 1518; x_wconf 79' lang='lat' dir='ltr'>Evangelio</span> <span class='ocrx_word' id='word_1_140' title='bbox 929 1449 1002 1502; x_wconf 82' lang='lat' dir='ltr'>Mut-</span> <span class='ocrx_word' id='word_1_141' title='bbox 1035 1489 1038 1498; x_wconf 84' lang='lat'><em>.</em></span> 
     </span>
     <span class='ocr_line' id='line_1_20' title="bbox 199 1519 1003 1590; baseline -0.001 -19"><span class='ocrx_word' id='word_1_142' title='bbox 199 1519 275 1572; x_wconf 83' lang='lat' dir='ltr'>thoei</span> <span class='ocrx_word' id='word_1_143' title='bbox 285 1524 376 1590; x_wconf 78' lang='lat' dir='ltr'>capii.</span> <span class='ocrx_word' id='word_1_144' title='bbox 388 1521 477 1583; x_wconf 72' lang='lat' dir='ltr'>Quom</span> <span class='ocrx_word' id='word_1_145' title='bbox 489 1523 561 1574; x_wconf 87' lang='lat' dir='ltr'>enim</span> <span class='ocrx_word' id='word_1_146' title='bbox 574 1522 731 1572; x_wconf 79' lang='lat' dir='ltr'>convivium</span> <span class='ocrx_word' id='word_1_147' title='bbox 744 1519 906 1588; x_wconf 77' lang='lat' dir='ltr'>agitaretis</span> <span class='ocrx_word' id='word_1_148' title='bbox 918 1519 1003 1572; x_wconf 83' lang='lat' dir='ltr'>donno</span> 
     </span>
     <span class='ocr_line' id='line_1_21' title="bbox 96 1588 1003 1659; baseline -0.002 -17"><span class='ocrx_word' id='word_1_149' title='bbox 96 1593 104 1610; x_wconf 63' lang='lat'><strong>⁸</strong></span> <span class='ocrx_word' id='word_1_150' title='bbox 197 1589 332 1658; x_wconf 84' lang='lat' dir='ltr'>Leri,qui</span> <span class='ocrx_word' id='word_1_151' title='bbox 342 1598 403 1644; x_wconf 81' lang='lat' dir='ltr'>erat</span> <span class='ocrx_word' id='word_1_152' title='bbox 413 1590 823 1659; x_wconf 80' lang='lat' dir='ltr'>publicanus,is&#39;quomultossui</span> <span class='ocrx_word' id='word_1_153' title='bbox 831 1588 936 1642; x_wconf 88' lang='lat' dir='ltr'>ordinis</span> <span class='ocrx_word' id='word_1_154' title='bbox 947 1588 1003 1640; x_wconf 86' lang='lat' dir='ltr'>sui·</span> 
     </span>
     <span class='ocr_line' id='line_1_22' title="bbox 199 1657 1003 1728; baseline 0.004 -21"><span class='ocrx_word' id='word_1_155' title='bbox 199 1672 253 1726; x_wconf 87' lang='lat' dir='ltr'>que</span> <span class='ocrx_word' id='word_1_156' title='bbox 264 1666 396 1728; x_wconf 75' lang='lat' dir='ltr'>quaestus</span> <span class='ocrx_word' id='word_1_157' title='bbox 406 1660 534 1713; x_wconf 85' lang='lat' dir='ltr'>homines</span> <span class='ocrx_word' id='word_1_158' title='bbox 545 1661 693 1712; x_wconf 79' lang='lat' dir='ltr'>invitasset</span> <span class='ocrx_word' id='word_1_159' title='bbox 702 1659 736 1710; x_wconf 88' lang='lat' dir='ltr'>ud</span> <span class='ocrx_word' id='word_1_160' title='bbox 749 1661 918 1723; x_wconf 66' lang='lat' dir='ltr'>convitium,</span> <span class='ocrx_word' id='word_1_161' title='bbox 933 1657 1003 1711; x_wconf 79' lang='lat' dir='ltr'>eba-</span> 
     </span>
     <span class='ocr_line' id='line_1_23' title="bbox 196 1728 1073 1798; baseline -0.002 -18"><span class='ocrx_word' id='word_1_162' title='bbox 196 1729 294 1792; x_wconf 86' lang='lat' dir='ltr'>rissei,</span> <span class='ocrx_word' id='word_1_163' title='bbox 313 1731 359 1798; x_wconf 88' lang='lat' dir='ltr'>qui</span> <span class='ocrx_word' id='word_1_164' title='bbox 370 1730 664 1796; x_wconf 84' lang='lat' dir='ltr'>tumebantreligioue</span> <span class='ocrx_word' id='word_1_165' title='bbox 674 1728 772 1796; x_wconf 82' lang='lat' dir='ltr'>Legis,</span> <span class='ocrx_word' id='word_1_166' title='bbox 783 1743 866 1795; x_wconf 88' lang='lat' dir='ltr'>quum</span> <span class='ocrx_word' id='word_1_167' title='bbox 880 1742 1004 1796; x_wconf 77' lang='lat' dir='ltr'>euprae·</span> <span class='ocrx_word' id='word_1_168' title='bbox 1072 1773 1073 1778; x_wconf 73' lang='grc'>,</span> 
     </span>
     <span class='ocr_line' id='line_1_24' title="bbox 97 1797 1072 1868; baseline -0.009 -12"><span class='ocrx_word' id='word_1_169' title='bbox 97 1849 100 1856; x_wconf 95' lang='grc'><em>.</em></span> <span class='ocrx_word' id='word_1_170' title='bbox 198 1802 281 1862; x_wconf 70' lang='lat' dir='ltr'>cepta</span> <span class='ocrx_word' id='word_1_171' title='bbox 301 1799 490 1868; x_wconf 79' lang='lat' dir='ltr'>negligerent,</span> <span class='ocrx_word' id='word_1_172' title='bbox 506 1801 580 1851; x_wconf 88' lang='lat' dir='ltr'>uude</span> <span class='ocrx_word' id='word_1_173' title='bbox 601 1804 664 1850; x_wconf 82' lang='lat' dir='ltr'>tots</span> <span class='ocrx_word' id='word_1_174' title='bbox 676 1797 737 1850; x_wconf 80' lang='lat' dir='ltr'>Lex</span> <span class='ocrx_word' id='word_1_175' title='bbox 752 1797 890 1864; x_wconf 85' lang='lat' dir='ltr'>pendebat</span> <span class='ocrx_word' id='word_1_176' title='bbox 899 1805 930 1848; x_wconf 88' lang='lat' dir='ltr'>et</span> <span class='ocrx_word' id='word_1_177' title='bbox 940 1811 1003 1864; x_wconf 87' lang='lat' dir='ltr'>pro·</span> <span class='ocrx_word' id='word_1_178' title='bbox 1071 1831 1072 1834; x_wconf 17' lang='grc' dir='ltr'>η</span> 
     </span>
     <span class='ocr_line' id='line_1_25' title="bbox 197 1863 1004 1935; baseline 0.004 -20"><span class='ocrx_word' id='word_1_179' title='bbox 197 1863 315 1932; x_wconf 81' lang='lat' dir='ltr'>phetae,</span> <span class='ocrx_word' id='word_1_180' title='bbox 341 1882 395 1934; x_wconf 84' lang='lat' dir='ltr'>quo</span> <span class='ocrx_word' id='word_1_181' title='bbox 407 1868 603 1935; x_wconf 84' lang='lat' dir='ltr'>discipulorum</span> <span class='ocrx_word' id='word_1_182' title='bbox 616 1867 723 1920; x_wconf 81' lang='lat' dir='ltr'>unimos</span> <span class='ocrx_word' id='word_1_183' title='bbox 735 1867 890 1920; x_wconf 78' lang='lat' dir='ltr'>alienarent</span> <span class='ocrx_word' id='word_1_184' title='bbox 901 1882 918 1918; x_wconf 84' lang='lat' dir='ltr'>a</span> <span class='ocrx_word' id='word_1_185' title='bbox 930 1869 1004 1929; x_wconf 88' lang='lat' dir='ltr'>lesu,</span> 
     </span>
     <span class='ocr_line' id='line_1_26' title="bbox 197 1935 1037 2003; baseline 0.001 -16"><span class='ocrx_word' id='word_1_186' title='bbox 197 1937 336 2003; x_wconf 77' lang='lat' dir='ltr'>rogabunt</span> <span class='ocrx_word' id='word_1_187' title='bbox 346 1937 425 2000; x_wconf 88' lang='lat' dir='ltr'>illos,</span> <span class='ocrx_word' id='word_1_188' title='bbox 445 1953 493 1990; x_wconf 87' lang='lat' dir='ltr'>eur</span> <span class='ocrx_word' id='word_1_189' title='bbox 507 1936 636 1989; x_wconf 86' lang='lat' dir='ltr'>dominos</span> <span class='ocrx_word' id='word_1_190' title='bbox 653 1935 820 1989; x_wconf 76' lang='lat' dir='ltr'>admisceret</span> <span class='ocrx_word' id='word_1_191' title='bbox 833 1953 862 1988; x_wconf 89' lang='lat' dir='ltr'>se</span> <span class='ocrx_word' id='word_1_192' title='bbox 874 1937 1003 1988; x_wconf 69' lang='lat' dir='ltr'>convivio</span> <span class='ocrx_word' id='word_1_193' title='bbox 1031 1988 1037 1995; x_wconf 86' lang='grc'><strong>,</strong></span> 
     </span>
     <span class='ocr_line' id='line_1_27' title="bbox 98 1997 1004 2073; baseline 0.001 -17"><span class='ocrx_word' id='word_1_194' title='bbox 98 2027 102 2032; x_wconf 89' lang='grc'><strong><em>·</em></strong></span> <span class='ocrx_word' id='word_1_195' title='bbox 197 2012 389 2073; x_wconf 80' lang='lat' dir='ltr'>peecatorum,</span> <span class='ocrx_word' id='word_1_196' title='bbox 400 2021 543 2073; x_wconf 78' lang='lat' dir='ltr'>equorum</span> <span class='ocrx_word' id='word_1_197' title='bbox 555 2006 699 2058; x_wconf 87' lang='lat' dir='ltr'>consortio</span> <span class='ocrx_word' id='word_1_198' title='bbox 709 1997 887 2060; x_wconf 86' lang='lat' dir='ltr'>ubstiu&#39;ebout</span> <span class='ocrx_word' id='word_1_199' title='bbox 896 2005 1004 2068; x_wconf 77' lang='lat' dir='ltr'>ludaei,</span> 
     </span>
     <span class='ocr_line' id='line_1_28' title="bbox 198 2074 1070 2144; baseline 0.002 -19"><span class='ocrx_word' id='word_1_200' title='bbox 198 2075 246 2142; x_wconf 87' lang='lat' dir='ltr'>qui</span> <span class='ocrx_word' id='word_1_201' title='bbox 256 2075 388 2131; x_wconf 76' lang='lat' dir='ltr'>volebant</span> <span class='ocrx_word' id='word_1_202' title='bbox 402 2074 499 2128; x_wconf 79' lang='lat' dir='ltr'>heberi</span> <span class='ocrx_word' id='word_1_203' title='bbox 509 2077 672 2137; x_wconf 82' lang='lat' dir='ltr'>sanctiores,</span> <span class='ocrx_word' id='word_1_204' title='bbox 684 2080 713 2126; x_wconf 89' lang='lat' dir='ltr'>et</span> <span class='ocrx_word' id='word_1_205' title='bbox 722 2076 863 2144; x_wconf 75' lang='lat' dir='ltr'>siquando</span> <span class='ocrx_word' id='word_1_206' title='bbox 871 2077 1003 2142; x_wconf 78' lang='lat' dir='ltr'>contigis-</span> <span class='ocrx_word' id='word_1_207' title='bbox 1067 2091 1070 2144; x_wconf 66' lang='lat' dir='ltr'>p</span> 
     </span>
     <span class='ocr_line' id='line_1_29' title="bbox 197 2144 1002 2211; baseline 0.002 -15"><span class='ocrx_word' id='word_1_208' title='bbox 197 2150 312 2196; x_wconf 80' lang='lat' dir='ltr'>setoum</span> <span class='ocrx_word' id='word_1_209' title='bbox 324 2145 462 2198; x_wconf 89' lang='lat' dir='ltr'>eiusmodi</span> <span class='ocrx_word' id='word_1_210' title='bbox 476 2144 627 2211; x_wconf 79' lang='lat' dir='ltr'>congredi,</span> <span class='ocrx_word' id='word_1_211' title='bbox 651 2147 754 2196; x_wconf 86' lang='lat' dir='ltr'>reversi</span> <span class='ocrx_word' id='word_1_212' title='bbox 775 2146 887 2197; x_wconf 91' lang='lat' dir='ltr'>domum</span> <span class='ocrx_word' id='word_1_213' title='bbox 907 2145 1002 2198; x_wconf 77' lang='lat' dir='ltr'>ablue·</span> 
     </span>
     <span class='ocr_line' id='line_1_30' title="bbox 196 2212 1069 2308; baseline 0 -42"><span class='ocrx_word' id='word_1_214' title='bbox 196 2214 264 2266; x_wconf 87' lang='lat' dir='ltr'>bunt</span> <span class='ocrx_word' id='word_1_215' title='bbox 273 2228 382 2282; x_wconf 86' lang='lat' dir='ltr'>corpus.</span> <span class='ocrx_word' id='word_1_216' title='bbox 397 2214 544 2280; x_wconf 73' lang='lat' dir='ltr'>Quomque</span> <span class='ocrx_word' id='word_1_217' title='bbox 555 2213 684 2279; x_wconf 88' lang='lat' dir='ltr'>discipuli</span> <span class='ocrx_word' id='word_1_218' title='bbox 694 2213 777 2268; x_wconf 81' lang='lat' dir='ltr'>rudes</span> <span class='ocrx_word' id='word_1_219' title='bbox 787 2213 877 2266; x_wconf 85' lang='lat' dir='ltr'>udboo</span> <span class='ocrx_word' id='word_1_220' title='bbox 886 2228 942 2266; x_wconf 87' lang='lat' dir='ltr'>non</span> <span class='ocrx_word' id='word_1_221' title='bbox 956 2212 1002 2266; x_wconf 84' lang='lat' dir='ltr'>bu·</span> <span class='ocrx_word' id='word_1_222' title='bbox 1065 2215 1069 2308; x_wconf 60' lang='lat' dir='ltr'>p</span> 
     </span>
     <span class='ocr_line' id='line_1_31' title="bbox 133 2283 1068 2357; baseline 0 -25"><span class='ocrx_word' id='word_1_223' title='bbox 133 2340 137 2350; x_wconf 28' lang='grc' dir='ltr'>ἱ</span> <span class='ocrx_word' id='word_1_224' title='bbox 197 2284 305 2345; x_wconf 83' lang='lat' dir='ltr'>herent,</span> <span class='ocrx_word' id='word_1_225' title='bbox 313 2284 385 2350; x_wconf 91' lang='lat' dir='ltr'>quod</span> <span class='ocrx_word' id='word_1_226' title='bbox 397 2284 610 2350; x_wconf 80' lang='lat' dir='ltr'>responderent3</span> <span class='ocrx_word' id='word_1_227' title='bbox 620 2283 796 2336; x_wconf 84' lang='lat' dir='ltr'>Dominuset</span> <span class='ocrx_word' id='word_1_228' title='bbox 805 2298 857 2350; x_wconf 88' lang='lat' dir='ltr'>pro</span> <span class='ocrx_word' id='word_1_229' title='bbox 868 2300 899 2337; x_wconf 87' lang='lat' dir='ltr'>se</span> <span class='ocrx_word' id='word_1_230' title='bbox 911 2289 941 2334; x_wconf 88' lang='lat' dir='ltr'>et</span> <span class='ocrx_word' id='word_1_231' title='bbox 950 2295 1001 2348; x_wconf 89' lang='lat' dir='ltr'>pro</span> <span class='ocrx_word' id='word_1_232' title='bbox 1066 2313 1068 2357; x_wconf 81' lang='lat' dir='ltr'>l</span> 
     </span>
     <span class='ocr_line' id='line_1_32' title="bbox 198 2350 1067 2420; baseline 0 -18"><span class='ocrx_word' id='word_1_233' title='bbox 198 2350 339 2416; x_wconf 79' lang='lat' dir='ltr'>discipulis</span> <span class='ocrx_word' id='word_1_234' title='bbox 355 2353 512 2419; x_wconf 73' lang='lat' dir='ltr'>respondite</span> <span class='ocrx_word' id='word_1_235' title='bbox 544 2350 606 2404; x_wconf 86' lang='lat' dir='ltr'>Non</span> <span class='ocrx_word' id='word_1_236' title='bbox 622 2359 663 2403; x_wconf 85' lang='lat' dir='ltr'>est</span> <span class='ocrx_word' id='word_1_237' title='bbox 676 2367 757 2420; x_wconf 83' lang='lat' dir='ltr'>opus,</span> <span class='ocrx_word' id='word_1_238' title='bbox 773 2354 877 2420; x_wconf 72' lang='lat' dir='ltr'>inquit,</span> <span class='ocrx_word' id='word_1_239' title='bbox 898 2351 1002 2404; x_wconf 80' lang='lat' dir='ltr'>medico</span> <span class='ocrx_word' id='word_1_240' title='bbox 1065 2357 1067 2414; x_wconf 77' lang='lat' dir='ltr'>l</span> 
     </span>
     <span class='ocr_line' id='line_1_33' title="bbox 198 2418 1002 2481; baseline 0.002 -11"><span class='ocrx_word' id='word_1_241' title='bbox 198 2419 363 2481; x_wconf 76' lang='lat' dir='ltr'>valentibus,</span> <span class='ocrx_word' id='word_1_242' title='bbox 383 2423 430 2473; x_wconf 83' lang='lat' dir='ltr'>sed</span> <span class='ocrx_word' id='word_1_243' title='bbox 440 2423 509 2473; x_wconf 83' lang='lat' dir='ltr'>rnale</span> <span class='ocrx_word' id='word_1_244' title='bbox 519 2419 687 2474; x_wconf 75' lang='lat' dir='ltr'>labentibus.</span> <span class='ocrx_word' id='word_1_245' title='bbox 704 2418 807 2475; x_wconf 70' lang='lat' dir='ltr'>euntes</span> <span class='ocrx_word' id='word_1_246' title='bbox 819 2431 910 2476; x_wconf 82' lang='lat' dir='ltr'>autem</span> <span class='ocrx_word' id='word_1_247' title='bbox 922 2421 1002 2473; x_wconf 83' lang='lat' dir='ltr'>disci·</span> 
     </span>
     <span class='ocr_line' id='line_1_34' title="bbox 198 2487 1002 2561; baseline 0.002 -20"><span class='ocrx_word' id='word_1_248' title='bbox 198 2498 242 2549; x_wconf 85' lang='lat' dir='ltr'>te,</span> <span class='ocrx_word' id='word_1_249' title='bbox 252 2487 318 2554; x_wconf 82' lang='lat' dir='ltr'>quid</span> <span class='ocrx_word' id='word_1_250' title='bbox 328 2497 384 2540; x_wconf 82' lang='lat' dir='ltr'>eet:</span> <span class='ocrx_word' id='word_1_251' title='bbox 406 2488 624 2542; x_wconf 66' lang='lat' dir='ltr'>Misericordiam</span> <span class='ocrx_word' id='word_1_252' title='bbox 634 2491 706 2554; x_wconf 84' lang='lat' dir='ltr'>uolo,</span> <span class='ocrx_word' id='word_1_253' title='bbox 724 2499 752 2548; x_wconf 76' lang='lat' dir='ltr'>et</span> <span class='ocrx_word' id='word_1_254' title='bbox 760 2508 816 2543; x_wconf 86' lang='lat' dir='ltr'>non</span> <span class='ocrx_word' id='word_1_255' title='bbox 826 2491 1002 2561; x_wconf 77' lang='lat' dir='ltr'>sacrificium.</span> 
     </span>
     <span class='ocr_line' id='line_1_35' title="bbox 199 2556 1003 2626; baseline -0.002 -16"><span class='ocrx_word' id='word_1_256' title='bbox 199 2556 258 2610; x_wconf 82' lang='lat' dir='ltr'>Non</span> <span class='ocrx_word' id='word_1_257' title='bbox 269 2557 340 2610; x_wconf 87' lang='lat' dir='ltr'>enim</span> <span class='ocrx_word' id='word_1_258' title='bbox 349 2558 409 2611; x_wconf 81' lang='lat' dir='ltr'>veni</span> <span class='ocrx_word' id='word_1_259' title='bbox 418 2575 515 2612; x_wconf 79' lang='lat' dir='ltr'>uocare</span> <span class='ocrx_word' id='word_1_260' title='bbox 525 2559 624 2622; x_wconf 82' lang='lat' dir='ltr'>iustos,</span> <span class='ocrx_word' id='word_1_261' title='bbox 639 2559 686 2610; x_wconf 81' lang='lat' dir='ltr'>sed</span> <span class='ocrx_word' id='word_1_262' title='bbox 693 2569 856 2626; x_wconf 82' lang='lat' dir='ltr'>peccatores.</span> <span class='ocrx_word' id='word_1_263' title='bbox 878 2574 927 2618; x_wconf 73' lang='lat' dir='ltr'>uo.</span> <span class='ocrx_word' id='word_1_264' title='bbox 938 2558 1003 2611; x_wconf 89' lang='lat' dir='ltr'>Pol·</span> 
     </span>
     <span class='ocr_line' id='line_1_36' title="bbox 199 2625 1002 2696; baseline 0.002 -20"><span class='ocrx_word' id='word_1_265' title='bbox 199 2625 265 2678; x_wconf 88' lang='lat' dir='ltr'>ehre</span> <span class='ocrx_word' id='word_1_266' title='bbox 277 2631 307 2678; x_wconf 88' lang='lat' dir='ltr'>tu</span> <span class='ocrx_word' id='word_1_267' title='bbox 317 2625 426 2694; x_wconf 84' lang='lat' dir='ltr'>quidem</span> <span class='ocrx_word' id='word_1_268' title='bbox 439 2629 591 2680; x_wconf 81' lang='lat' dir='ltr'>collatione</span> <span class='ocrx_word' id='word_1_269' title='bbox 607 2628 733 2680; x_wconf 84' lang='lat' dir='ltr'>locorum</span> <span class='ocrx_word' id='word_1_270' title='bbox 744 2644 802 2680; x_wconf 89' lang='lat' dir='ltr'>rom</span> <span class='ocrx_word' id='word_1_271' title='bbox 812 2629 950 2696; x_wconf 78' lang='lat' dir='ltr'>explicas,</span> <span class='ocrx_word' id='word_1_272' title='bbox 972 2627 1002 2678; x_wconf 89' lang='lat' dir='ltr'>id</span> 
     </span>
     <span class='ocr_line' id='line_1_37' title="bbox 199 2695 1001 2764; baseline 0.005 -19"><span class='ocrx_word' id='word_1_273' title='bbox 199 2695 274 2762; x_wconf 89' lang='lat' dir='ltr'>qood</span> <span class='ocrx_word' id='word_1_274' title='bbox 292 2697 321 2748; x_wconf 92' lang='lat' dir='ltr'>in</span> <span class='ocrx_word' id='word_1_275' title='bbox 336 2695 437 2749; x_wconf 89' lang='lat' dir='ltr'>divinis</span> <span class='ocrx_word' id='word_1_276' title='bbox 453 2698 543 2750; x_wconf 85' lang='lat' dir='ltr'>literis</span> <span class='ocrx_word' id='word_1_277' title='bbox 558 2698 737 2764; x_wconf 78' lang='lat' dir='ltr'>praecipuum</span> <span class='ocrx_word' id='word_1_278' title='bbox 752 2703 809 2751; x_wconf 77' lang='lat' dir='ltr'>ests</span> <span class='ocrx_word' id='word_1_279' title='bbox 830 2699 879 2752; x_wconf 89' lang='lat' dir='ltr'>sed</span> <span class='ocrx_word' id='word_1_280' title='bbox 892 2697 1001 2750; x_wconf 82' lang='lat' dir='ltr'>discere</span> 
     </span>
    </p>
   </div>
   <div class='ocr_carea' id='block_1_3' title="bbox 0 0 1080 3198">
    <p class='ocr_par' dir='ltr' id='par_1_4' title="bbox 0 0 1080 3198">
     <span class='ocr_line' id='line_1_38' title="bbox 0 0 1080 3198; baseline 0 0"><span class='ocrx_word' id='word_1_281' title='bbox 0 0 1080 3198; x_wconf 95' lang='lat' dir='ltr'> </span> 
     </span>
    </p>
   </div>
  </div>
 </body>
</html>
