2132 3196
146 273 148 280 Ι
210 199 246 250 so
350 148 871 251 corv1r1·nmrnorrnuu.

212 301 256 352 Tu
267 285 459 366 poitaris.ssTu
471 314 544 350 nunc
553 301 668 368 poetam
680 300 749 364 agis.
772 297 856 360 Nam,
879 299 1020 366 mentiris,

212 369 319 430 dicere,
340 368 408 419 mibi
419 368 520 435 religio
532 379 583 419 est.
614 383 660 426 nu.
671 369 811 429 Mentior,
833 369 923 420 sinon
934 369 1022 421 Plini·
1059 420 1061 428 ,

152 449 161 464 ’
211 454 258 500 us,
276 444 374 489 auctor
385 439 567 500 certissimus,
587 441 715 505 scripsit,
738 438 1021 518 ursnmquatuorde·

214 509 266 559 cim
279 507 339 559 dies
351 506 412 558 soie
424 521 521 559 somno
532 510 631 558 mirum
640 511 669 558 in
681 505 792 561 modum
804 507 943 573 saginari:
964 522 1020 574 quo

65 559 69 572 Ι
136 615 139 620 -
213 583 307 628 tamen
329 579 372 630 ita
392 577 449 628 alte
470 577 617 641 premitur,
637 584 669 642 ut
687 592 721 627 ne
736 575 1022 643 vulneribusquidem

214 651 299 716 queat
311 645 438 697 excitari.
449 645 522 706 imo,
534 661 588 712 quo
600 648 689 713 uragis
702 646 827 708 mireris,
838 645 940 696 addam
950 645 1023 713 qued

213 715 427 781 Theophrastus
438 715 550 777 scribit,
562 731 610 780 per
621 716 649 766 id
660 722 771 782 tempus
781 731 910 772 ursorum
923 731 1022 770 earnes

215 792 309 844 coctas
322 801 445 853 queque,
466 785 490 836 si
503 791 694 845 asserventur,
718 787 892 836 reviviscere.
910 799 959 840 cn.
971 782 1023 848 Ve-

214 866 293 915 reor,
312 853 346 906 ire
357 855 494 908 Parmeno
505 854 552 904 ille
561 855 750 906 Terentianus
762 857 817 904 ista
833 870 885 904 raon
901 855 1024 906 contine·

214 931 255 976 et.
276 924 350 974 Mihi
361 925 444 977 facite
455 925 534 976 iidem
547 923 625 975 facis.
647 924 839 974 Ministrarem
853 923 903 973 tibi
916 922 951 974 de
965 939 1024 976 cer·
1058 929 1061 944 ¹

191 1036 193 1042 ,
213 996 285 1047 riuis
297 998 440 1058 carnibus,
460 995 484 1045 si
496 997 563 1044 satis
574 1010 663 1046 essem
673 995 804 1044 urbanus.
822 1007 870 1042 rin.
882 993 962 1044 Unde
973 991 1024 1044 tibi
1040 1046 1042 1049 ¹

214 1065 429 1118 nuncrenctioi
450 1061 528 1114 Unde
540 1064 652 1115 scrinei
679 1077 726 1114 cn.
749 1063 854 1124 Midas,
873 1060 959 1113 hemo
975 1060 1024 1113 ho·

214 1134 337 1195 minum,
357 1136 403 1201 qni
414 1135 525 1199 vivunt,
534 1134 759 1195 liberalissimus,
771 1133 916 1198 nostrique
929 1146 1024 1202 aman·

215 1199 357 1264 tissimus,
374 1203 440 1253 mihi
458 1205 535 1254 misit
552 1204 637 1258 dene:
658 1203 730 1254 dono
754 1201 881 1268 quidem,
902 1199 961 1252 sed'
975 1199 1024 1262 estc,

215 1279 248 1322 ut
259 1288 310 1340 ego
322 1273 437 1324 minoris
451 1287 539 1324 emam
552 1277 763 1339 saepenumero.
774 1286 823 1321 en.
836 1270 890 1330 Qui
901 1269 960 1335 sici
976 1284 1022 1329 cu,

214 1341 288 1404 Quia
299 1341 415 1404 seruulis¹
423 1343 485 1410 pius
496 1343 629 1404 dandum,
646 1358 729 1408 quam
741 1341 854 1394 daretur
865 1341 893 1390 in
904 1339 1024 1398 macello

149 1421 155 1424 “
185 1453 194 1470 ,
214 1411 359 1464 vendenti.
383 1426 430 1464 nn.
453 1413 587 1476 Quaeres
601 1409 860 1479 cogithocfeeerei
888 1423 945 1460 cu.
966 1411 1024 1476 Ty·

120 1532 123 1541 ,
215 1496 322 1534 rannus
334 1484 456 1538 omnium
468 1483 691 1534 violentissimus.
720 1497 766 1532 sn.
788 1479 857 1542 Quis
869 1477 944 1529 istei
975 1492 1024 1532 011.

215 1551 289 1610 Mos.
318 1565 366 1621 un.
389 1551 519 1603 Proiecto
531 1553 731 1617 tyrannusiste
740 1549 901 1615 frequenter
912 1547 1026 1615 iniquis-

215 1621 301 1672 simas
310 1619 387 1684 leges
399 1621 523 1678 obtrudit
533 1622 706 1675 mortalibus.
731 1633 777 1671 cir.
795 1618 871 1668 idem
881 1633 934 1672 suo
946 1630 1025 1681 more

214 1688 318 1742 nudius
334 1690 433 1740 tertius
450 1688 523 1748 hunc
538 1705 648 1741 cervum
662 1697 779 1742 venatus
800 1695 851 1746 est,
888 1685 963 1750 Quid
983 1691 1025 1749 tu,
1055 1715 1059 1726 ·

204 1760 263 1826 -qui
272 1758 363 1811 soleas
375 1759 455 1810 istius
466 1759 552 1810 studii
563 1756 857 1812 esseamantissimuei·
869 1772 933 1814 rue.
941 1756 1026 1824 Equi·

215 1827 280 1880 dem
291 1827 345 1879 boc
355 1829 447 1881 studio
464 1829 546 1896 plane
569 1830 680 1891 relicto,
695 1864 698 1870 -
712 1831 767 1879 iam
788 1831 901 1894 praeter
924 1827 1025 1888 literas

214 1895 288 1948 nibil
297 1913 393 1950 vener.
417 1913 463 1950 cu.
477 1900 512 1956 dt
524 1897 593 1955 mibi
604 1899 733 1950 ridentur
743 1899 844 1950 literae
856 1897 954 1964 quovis
965 1911 1025 1949 cet·

215 1981 251 2016 vo
261 1964 429 2034 sagaciores.
465 1983 530 2022 eea.
557 1969 674 2020 Duobus
684 1977 776 2020 tamen
789 1968 967 2033 potissimum
981 1980 1025 2018 ca-

215 2037 498 2105 nibusassequimur,
524 2038 708 2098 admiratione
723 2038 846 2097 seilicet,
868 2040 953 2102 atque
974 2034 1025 2086 im·

214 2106 357 2174 probitate
367 2109 480 2161 laberis.
493 2109 563 2160 Nam
575 2114 604 2159 et
615 2107 746 2158 admirari
757 2106 904 2173 plurimum
917 2105 1026 2157 discam

215 2176 245 2228 di
257 2176 384 2233 ardorem
395 2181 549 2240 ministram
561 2175 853 2239 eeutncundissinus
863 2173 948 2242 poeta
957 2174 1024 2227 scri·

214 2249 277 2314 psit

382 2313 474 2368 Labor
496 2315 584 2368 emnia
604 2314 689 2367 vincit
708 2315 856 2383 improbar.

123 2449 125 2456 Α
216 2397 265 2436 en.
285 2385 419 2437 Amanter
430 2385 576 2446 admones,
597 2388 764 2452 Angustiae,
788 2391 820 2438 ut
841 2383 1024 2449 solesrpro·

214 2458 316 2575 pterea
326 2468 381 2503 non
392 2455 597 2515 desistam,·non
611 2456 875 2523 conquieseum,non
886 2452 1024 2524 defatiga-

236 2535 283 2583 or,
303 2522 564 2594 deneceonsequar.
599 2539 663 2578 ruo.
685 2527 787 2577 Carnes
806 2524 938 2578 cervinae
958 2530 1025 2576 sunt

217 2606 292 2642 nune
303 2591 451 2645 admodum
464 2593 656 2662 tempestivae.
669 2595 798 2646 Meminit
805 2592 912 2646 Plinius
924 2593 960 2646 de
970 2591 1024 2646 hee

218 2662 360 2714 animante
372 2663 503 2728 quiddam
520 2662 691 2715 admirabile.
724 2679 770 2723 em
791 2663 932 2726 Quidnam
945 2666 1024 2717 obse·

216 2730 282 2784 croi
302 2745 367 2785 aue.
387 2731 506 2793 Quoties
517 2745 647 2785 arrexere
657 2747 751 2796 auree,
764 2734 891 2786 acerrimi
903 2750 964 2787 esee
976 2748 1024 2787 ou·
