2160 3192
210 185 263 240 ,sss
321 173 494 233 mmmm
527 175 582 228 er
610 137 909 259 enitrnusmm.
944 187 948 192 ·

211 299 258 338 eo.
282 279 324 332 No
348 282 459 332 metue..
478 279 522 330 lta
537 278 1014 346 peranbagestenpemnasermn·

205 363 285 410 ,neom
301 355 332 399 ut
342 349 402 415 ipso
414 346 482 399 mihi
494 355 601 409 narret,
620 347 686 416 quid
702 349 775 399 ieter
795 363 845 400 ros
864 347 909 398 sit
924 349 1015 400 turba·

159 467 165 478 „
209 433 281 470 rom.
312 419 376 478 Hae
388 416 478 480 laeto,
495 431 558 470 meo
574 417 880 470 moretrsctabolllum
891 415 1016 476 blandis·

210 489 294 550 sime,
310 492 344 550 et
363 494 394 539 ut
411 502 508 554 spero,
529 486 641 541 tradam
653 501 715 540 oum
728 485 778 538 tibi
789 487 1016 538 commodiorem.

210 553 255 608 De
267 564 296 609 te
308 571 358 623 por
369 557 544 609 occasionem
555 558 688 617 mentiar,
710 570 794 622 quam
805 560 934 607 assantes
944 557 981 606 de
989 556 1018 606 il·

211 625 240 677 lo
251 630 287 680 sis
297 626 401 678 locuta.
413 641 457 680 ιιι.
467 623 594 677 Christus
605 623 892 694 berrelortunotquotl
900 626 1019 694 agimus.

210 709 259 748 ao.
270 694 383 758 Aderit,
402 692 485 748 modo
497 710 531 748 ne
544 694 619 748 desis
629 695 693 748 tibi.

366 797 525 850 *Munna
549 811 593 848 rar
617 797 878 848 cnnnnnsmm.

211 897 254 936 m.
274 851 381 948 Salve,
402 885 441 936 mi
451 883 549 935 frater.
579 897 620 934 cs.
637 881 718 934 Salve
729 887 758 933 et
769 887 813 942 tu,
832 895 967 948 gemmane
978 899 1020 936 aa·

210 955 330 1006 rissime.
351 970 391 1005 m.
402 955 459 1006 Vix
468 959 497 1006 te
508 951 640 1020 agnosco.
660 967 701 1004 cs.
712 951 824 1018 Adeone
835 954 971 1004 consenui
982 957 1019 1004 in·

130 1045 136 1052 ·
211 1022 426 1074 trabienniuml
447 1039 486 1074 m.
509 1023 584 1072 Nom
606 1021 655 1072 sed
667 1027 751 1086 caput
760 1035 868 1083 rasum,
888 1037 965 1074 nova
976 1039 1021 1075 ve·

212 1093 277 1154 stis,
289 1091 405 1152 iaciunt,
416 1096 447 1140 ut
458 1089 655 1152 niihivitlearis
667 1089 742 1142 aliud
752 1089 891 1162 'quoddam
904 1091 1021 1160 animal.

212 1164 257 1210 cnss
267 1161 345 1210 ltane
357 1174 412 1209 non
424 1174 589 1226 agnosceres
604 1174 720 1222 uxorem
737 1165 829 1222 tuam,
857 1160 883 1210 si
896 1161 956 1212 tibi
975 1176 1021 1212 oa·

213 1233 339 1280 curreret
350 1227 450 1280 induta
463 1243 534 1280 nova
545 1227 646 1281 vestet
668 1245 709 1280 ιιι.
720 1227 794 1290 Non,
804 1231 828 1280 ei
840 1228 899 1280 tali.
921 1245 963 1282 cn.
984 1231 1021 1284 At
1041 1289 1045 1293 ,

212 1311 265 1364 ego
283 1304 311 1350 te
328 1299 415 1364 probe
432 1312 569 1366 agnosco²
587 1297 698 1350 coinon
711 1298 802 1349 solum
813 1299 899 1350 vestis
910 1303 1022 1351 mutata

212 1372 269 1429 est,
290 1383 385 1419 verum
399 1370 483 1420 etiam
495 1367 595 1431 facies,
616 1373 749 1434 totusque
760 1369 884 1434 corporis
896 1367 1019 1430 habitus·

205 1435 289 1496 'Quot
301 1439 441 1490 coloribus
453 1441 544 1504 pictus
556 1437 598 1489 es!
631 1431 719 1490 Nolla
738 1436 797 1488 avis
816 1452 905 1504 aeque
926 1439 1021 1492 variat

210 1505 406 1572 plumassuas.
435 1509 602 1574 Tamquam
622 1507 715 1558 omnia
735 1511 825 1568 secta,
844 1521 926 1573 quam
948 1507 1020 1559 nihil

210 1575 290 1626 iuxta
311 1582 440 1626 naturam
458 1581 508 1624 aut
528 1589 632 1624 morem
654 1575 839 1628 communem!
868 1576 947 1628 Adde
958 1583 1019 1628 ton·

210 1657 271 1693 sum
284 1640 431 1706 verticem,
450 1641 565 1694 barbam
576 1645 737 1715 semirasam
744 1681 752 1707 ,
769 1644 880 1707 silvam,
892 1661 963 1712 quae
975 1661 1020 1696 su·

210 1726 262 1779 pra
274 1712 382 1764 labrum
392 1711 521 1778 superius
533 1720 593 1774 est,
603 1715 777 1780 perplexam,
796 1721 845 1766 net
856 1713 943 1768 aliter
952 1714 1019 1768 hinc

140 1787 163 1796 ’·
207 1787 240 1844 pet
251 1781 315 1832 hinc
325 1783 543 1847 prominentem,
568 1799 649 1849 quam
672 1783 765 1834 solent
786 1785 816 1834 in
838 1782 942 1835 felibus
964 1785 1019 1852 pili

210 1849 361 1916 longiores.
380 1849 439 1901 Nec
450 1865 507 1901 una
518 1851 633 1903 cicatrix
644 1850 768 1902 foedarit
779 1853 900 1916 vultum3
921 1859 953 1906 ut
967 1854 1019 1906 Sa·

202 1917 280 1968 'nlius
293 1919 427 1986 quispiam
438 1919 580 1972 litteratus
592 1921 679 1972 videri
691 1922 779 1986 possis
797 1921 838 1984 *),
860 1921 895 1974 de
911 1937 966 1990 quo
976 1924 1017 1975 io·

203 1983 258 2038 'cus
270 1994 313 2040 est
323 1989 472 2054 proverbii.
504 2006 545 2042 m.
559 1989 604 2042 Sia
615 1989 696 2042 decet
706 1989 800 2042 redire
810 2005 825 2041 e
835 1991 921 2048 bello.
959 1985 1017 2048 Sed

203 2057 255 2110 'dle
276 2056 356 2122 mihi,
375 2065 435 2110 erat
450 2057 510 2110 heic
527 2065 605 2112 tanta
619 2060 755 2110 bonorum
772 2060 944 2112 medicorum
956 2063 1016 2114 ino·

132 2150 140 2158 ·
166 2133 178 2146 ‘
207 2127 276 2195 pial
301 2145 340 2196 os.
361 2127 586 2190 Quamobrem
614 2145 654 2180 nr.
677 2131 749 2192 Quia
759 2130 829 2180 nulli
840 2132 1015 2185 commiseris

207 2196 359 2248 sanandum
374 2199 516 2250 cerebrum
527 2205 603 2249 tuum
614 2200 706 2264 prius,
737 2213 818 2264 quam
831 2199 861 2250 in
872 2197 945 2252 hane
957 2217 1014 2258 ser.

187 2308 188 2312 ,
207 2265 325 2316 vitutem
337 2273 364 2320 te
374 2269 553 2335 praecipitem
566 2267 656 2321 dares.
681 2282 722 2318 cn.
741 2267 820 2320 ltaue
831 2269 929 2321 videor
941 2273 1014 2323 insa·

131 2357 135 2360 ·
206 2333 299 2384 nisse?
319 2350 360 2387 nr.
380 2336 510 2390 Maxime.
538 2337 611 2399 Quid
624 2343 685 2391 erat
696 2351 808 2389 necesse
819 2337 881 2389 heic
892 2341 921 2391 te
935 2355 1014 2406 sepe·

205 2401 253 2452 liri
271 2407 335 2454 ante
347 2411 468 2472 tempus,
480 2421 569 2473 ⁴quum
582 2412 655 2457 esset
665 2405 736 2458 un'de
748 2407 892 2460 commodo
903 2410 1013 2466 viveres

206 2537 209 2542 Δ
232 2485 252 2540 ·)
271 2486 366 2533 Samius
378 2490 499 2536 litteratus
508 2490 697 2545 prnverbiumert
708 2492 732 2534 in
745 2491 903 2540 cicatricosae,
917 2493 956 2536 vel
970 2493 1012 2540 sti,-

261 2545 372 2596 gmntilms
392 2548 495 2594 notatos,
511 2546 563 2587 inde
574 2546 671 2596 dietum,
690 2547 749 2602 (priori
758 2561 825 2600 punm
833 2547 904 2590 Samii
912 2549 1010 2604 captivit

260 2599 434 2644 Atheniensium
453 2602 590 2643 inussissent
606 2605 723 2652 noctuam,
739 2602 893 2646 Athenienses
907 2605 1010 2648 vicissim

254 2655 344 2700 ¹Samiis
364 2657 486 2699 inurebant
501 2655 648 2707 Sameram,
669 2657 812 2710 genuinam!
822 2660 870 2704 loto
883 2666 978 2713 notre,
994 2673 1010 2704 ι

258 2721 328 2764 prora
336 2707 410 2750 veluti
417 2711 509 2751 trullum
516 2714 615 2756 :otmunt
623 2713 766 2762 praeterens.
