2126 3188
328 204 595 266 PUERPERA.
816 212 871 270 335,

63 327 115 368 uu.
129 313 191 366 Nou
202 311 342 380 proiecto:
365 310 419 362 nisi
430 311 456 362 si
467 311 535 380 quid
546 311 656 366 occidat
670 321 782 381 praeter
792 325 867 370 eom·

64 399 177 435 munem
189 389 305 435 naturae
317 395 436 433 cursum.
456 396 500 433 ri.
515 380 621 434 Verum
633 388 663 433 tu
674 385 741 434 mihi
751 402 801 452 pro
812 403 869 440 une
927 416 931 422 -

65 455 160 504 anima
180 453 274 520 plures
294 453 400 502 animas
421 449 563 515 effudisti,
586 451 768 515 animantem,
788 452 869 523 vege.

64 527 187 584 tantem,
205 519 380 582 sensibilem,
399 511 617 588 intelligentem,
638 535 800 584 memorem,
820 541 868 576 ro.

63 591 186 654 lentem,
205 591 373 643 irascentem
385 625 398 652 „
417 590 665 662 concupiscentem.
702 588 776 640 Mihi
799 595 869 644 satis

64 665 128 711 erat
140 675 203 712 cmo.
232 671 279 711 uu.
296 657 429 723 Eiusdem
447 660 555 711 animae
567 658 694 712 diversae
705 664 770 710 sunt
781 661 872 712 titutio-v

62 743 128 779 nes:
149 743 183 780 ex
194 727 237 780 his
250 728 328 780 varia
337 729 455 780 sortitur
467 729 641 800 cognomina.
664 742 707 779 ru.
724 727 870 786 Nonsutis

26 805 45 844 p
62 811 200 864 assequor
222 798 296 864 quod
317 797 394 848 dieis,
431 811 478 849 su.
498 797 644 850 etfaciam
658 801 690 849 ut
703 798 869 866 assequaris.

62 868 149 932 Tuin
161 867 289 918 eubiculo
302 881 330 918 es
341 873 424 930 uxor,
438 867 468 917 in
479 865 589 921 officina
600 884 629 922 es
635 867 743 921 textrix
752 867 868 920 aulaeo·

1 983 2 990 ,
62 950 141 997 rum,
160 936 191 987 iu
206 938 323 1000 taberna
338 951 368 986 es
380 936 540 988 aulaeorum
551 937 705 999 venditrix,
725 939 754 987 in
776 937 870 991 eulina

1 1070 2 1074 Ἰ
64 1021 95 1059 es
112 1019 215 1072 coque,
237 1007 311 1057 inter
330 1004 451 1057 famulos
466 1012 495 1056 et
507 1004 628 1058 famulas
640 1023 670 1059 es
680 1006 807 1070 domins,
827 1008 868 1058 in·

61 1075 219 1127 ter-liberos
230 1090 260 1127 es
272 1079 373 1126 mater:
395 1079 424 1126 et
438 1078 534 1126 tumen
544 1072 612 1127 hoec
624 1075 718 1128 omniu
728 1091 758 1127 es
770 1076 868 1128 eudem

62 1145 94 1196 in
103 1144 195 1196 domo.
214 1159 258 1196 rr.
270 1143 346 1196 Satis
356 1149 388 1194 tu
398 1142 510 1211 quidem
521 1145 617 1212 pingui
630 1145 761 1198 Minerva
774 1144 865 1213 philo·

62 1212 199 1280 sophanie.
236 1211 283 1264 Sic
303 1213 392 1279 igitur
407 1217 450 1264 est
459 1213 749 1282 unimusincorpore,
771 1226 864 1282 quem·

1 1311 2 1346 t
61 1282 212 1335 admodum
224 1297 276 1350 ego
288 1282 316 1333 in
329 1281 428 1334 donro'l
446 1297 493 1335 uu.
516 1281 569 1334 Sic.
588 1297 631 1335 rs.
643 1287 725 1350 Atqui
738 1284 800 1336 dum
813 1299 865 1352 ego

1 1391 2 1398 ,
60 1351 128 1405 te'xo
139 1355 168 1403 in
179 1351 296 1412 officina,
306 1365 361 1401 non
372 1365 460 1426 coquo
471 1350 499 1400 in
510 1353 610 1402 culino.
626 1367 673 1404 nu.
684 1351 781 1418 Neque
792 1355 866 1404 cuim
892 1417 894 1422 Ι

1 1419 2 1427 ’
27 1479 31 1483 ,
58 1431 92 1474 tu
113 1437 143 1473 es
164 1423 257 1474 eninm
277 1425 399 1482 tentum,
420 1419 470 1471 sod
489 1419 582 1470 enimn
602 1421 702 1482 corpus
723 1421 866 1472 circumle-

1 1483 2 1506 ³
57 1507 139 1544 rens:
156 1504 256 1572 corpus
268 1494 360 1540 autem
373 1503 427 1540 non
438 1494 533 1554 potest
543 1489 626 1542 simul
638 1486 763 1554 pluribus
774 1489 865 1542 inesse

56 1561 145 1614 locis:
169 1574 262 1610 norma
272 1560 402 1627 quoniam
414 1564 458 1610 est
469 1556 560 1611 formu
572 1558 704 1625 simplex,
726 1557 768 1609 sic
779 1563 822 1610 est
834 1559 865 1610 in
955 1581 958 1596 x

34 1637 37 1644 ’
57 1635 292 1695 totocorpore,ut
302 1629 330 1679 in
341 1623 458 1698 singulis
471 1629 596 1696 corporis
608 1627 733 1696 partibus
744 1626 781 1679 sit
792 1633 863 1692 totu,

22 1745 25 1748 .
58 1699 185 1768 quamvis
205 1713 261 1750 uon
282 1699 356 1758 idem
372 1705 439 1765 agat
450 1713 500 1764 per
512 1713 606 1752 onmes
618 1703 728 1766 partes,
746 1711 799 1748 nec
811 1712 858 1749 eo·
917 1729 944 1750 .·
971 1751 976 1758 ,

59 1769 122 1820 dem
133 1767 215 1819 modo
227 1781 276 1833 per
286 1768 496 1833 quomodolibet
506 1767 628 1821 affectas.
665 1766 736 1820 Num
747 1767 820 1833 sapit
831 1781 864 1819 nc

57 1837 187 1890 meminit
198 1837 226 1886 in
244 1837 372 1897 cerebro,
392 1838 522 1890 irascitur
533 1839 561 1889 iu
575 1837 675 1900 corde,
694 1838 864 1904 concupiscit

1 1939 2 1942 =
55 1906 90 1960 in
101 1906 216 1972 hepate,
236 1903 314 1954 audit
326 1905 353 1954 in
366 1905 494 1969 auribus,
516 1907 605 1958 cernit
621 1907 651 1958 in
666 1907 768 1969 oculis,
789 1905 861 1958 olla-

1 1987 3 2043 }
58 1979 99 2030 cit
118 1975 147 2024 in
165 1973 294 2032 naribus,
313 1973 446 2039 gustatio
458 1975 552 2041 palato
565 1975 715 2044 etlinguu,
737 1978 823 2027 sentit
832 1975 863 2024 in

59 2035 190 2098 on'roibus
202 2039 329 2108 partibus
340 2042 478 2106 corporis,
499 2057 570 2108 quae
580 2057 743 2094 nerruceum
755 2041 862 2108 aliquid

57 2114 166 2168 habeut
174 2111 343 2163 adiunctum.
384 2109 482 2177 Neque
493 2111 566 2162 enim
577 2111 664 2161 sentit
672 2110 701 2160 in
713 2111 791 2176 pilis,
811 2123 862 2161 nec
956 2158 958 2163 ,

53 2182 172 2238 summis
184 2177 336 2248 unguibus:
349 2193 382 2230 ac
392 2193 427 2230 ue
437 2179 531 2247 pulmo
542 2177 654 2246 quidem
665 2193 715 2244 per
726 2193 755 2230 se
766 2177 861 2241 sentit,

56 2269 109 2306 nec
119 2251 205 2318 hepar
217 2251 354 2312 fortusse,
368 2263 419 2302 nec
430 2248 493 2300 lien.
514 2262 559 2299 ri.
577 2246 698 2298 Proinde
711 2247 739 2297 in
751 2246 859 2315 quibus-

1 2321 2 2326 ’
55 2324 120 2375 dam
132 2320 256 2388 partibus
266 2319 370 2369 unierat
382 2323 490 2368 tentum
502 2331 534 2367 ac
545 2321 664 2382 vegetat
695 2331 732 2368 nu
762 2315 857 2368 lteri·

1 2413 2 2430 1
55 2394 147 2446 detur.
167 2403 213 2439 ri.
228 2387 257 2438 Si
270 2388 298 2437 in
307 2399 362 2439 uno
375 2384 486 2438 homine
498 2386 566 2443 iacit
576 2383 647 2438 haec
657 2385 751 2438 omnis
761 2383 861 2438 eudem

1 2473 2 2476 ’
52 2462 162 2519 nninia,
174 2458 367 2523 consequitur,
386 2461 418 2506 ut
428 2454 521 2508 foetus
532 2458 560 2506 in
570 2462 653 2508 utero
664 2461 786 2509 mutemo
798 2459 855 2509 sta·
951 2457 953 2461 '

1 2567 3 2574 >
52 2531 103 2582 tim
125 2533 157 2578 ut
176 2525 318 2592 augescit,
339 2523 479 2593 quodlest
498 2525 573 2578 vitae
589 2519 708 2594 signum,
729 2523 855 2594 simulet
921 2589 926 2594 .

1 2627 3 2642 ·
52 2597 158 2652 sentiat
177 2602 205 2647 et
221 2595 379 2664 intelligut;
399 2595 455 2646 nisi
465 2594 540 2648 sorte
551 2596 632 2648 unius
643 2593 761 2647 hominis
772 2593 857 2643 initio
909 2617 913 2620 ·

2 2667 5 2672 ’
50 2669 147 2738 plures
158 2670 222 2733 sunt
234 2664 358 2729 animae,
380 2663 480 2717 deinde
493 2664 594 2718 ceteris
605 2663 780 2725 cedentibus,
797 2675 854 2712 unu
886 2709 889 2718 ,

1 2753 3 2772 .
50 2737 164 2807 peragit
185 2732 290 2788 omnint
312 2734 354 2788 ite
372 2740 403 2788 ut
423 2735 541 2804 primum
558 2733 853 2800 homulucritploutn,
894 2786 899 2790 ,
