2150 3198
147 191 748 292 ›couvlvrunnsnrerbsunc
810 237 860 292 121
968 249 971 256 ¹

46 327 137 386 flcans
156 345 209 399 pso
225 331 393 385 necessitate
409 338 548 403 eorporis,
565 353 615 405 pro
632 346 759 410 tempore
774 338 861 396 licere

45 400 125 453 vesci
137 401 322 468 quibuslibet,
350 404 406 455 nisi
416 405 494 457 aliud
504 408 627 459 suaserit
638 407 760 464 charitas
770 413 862 481 proxi·

45 473 96 532 ari,
108 471 160 523 sed
172 471 376 538 impudicitiam
386 489 500 541 seraper
511 481 540 527 et
550 477 654 544 ubique
664 479 860 537 detestandam

49 553 123 620 esso.
158 540 242 603 Quod
254 541 406 607 vescimur,
428 545 607 596 necessitatis
618 553 673 610 est,
694 563 765 615 quae
780 552 862 603 tolle·

46 614 97 661 tar
109 623 140 659 ιιι
153 611 365 662 resurrectione
377 618 562 665 nrortuoruru.
583 615 664 678 (laod
674 617 863 684 libidinamur,

47 678 236 732 malitiaeest.
248 678 304 732 Sed
312 680 431 733 alterurn
444 683 604 750 scrupulum
616 701 671 750 riou
701 702 755 738 aco
767 687 863 740 dissol·
879 723 881 727 .

47 763 138 808 aere,
158 749 301 816 quomado
313 750 347 814 ad
360 749 429 803 baec
440 752 559 820 quadret
570 754 652 806 illud:
683 701 739 808 {lm
754 773 803 825 ego
814 757 863 810 sub

1 827 2 842 ³
47 817 154 870 sellim
164 819 282 888 redigar
290 827 464 886 potestatem.
477 822 523 873 Ait
534 825 617 887 earini,
629 822 683 876 sibi
694 830 864 894 potestatem
891 887 895 890 .
930 877 933 882 ,

49 896 112 940 'esse
125 890 267 952 amnium,
282 897 318 940 se
328 893 422 940 tamen
433 892 462 941 in
473 892 578 942 nulllus
588 898 731 959 potestate
742 893 811 948 fore.
832 895 862 948 Si

48 957 73 1008 is
84 957 194 1009 dicitur
205 973 267 1012 esse
277 959 305 1010 in
316 965 456 1026 potestate
471 961 577 1025 aliena,
598 963 658 1028 qai,
678 980 713 1017 ne
729 963 862 1030 offendat,

47 1027 193 1091 abstinet,
214 1027 290 1080 idem
301 1031 392 1095 capite
408 1044 482 1084 nono
494 1029 528 1082 dc
539 1046 569 1082 se
581 1031 739 1097 praedicat:
772 1032 862 1097 Quum

48 1095 118 1148 liber
134 1111 220 1149 essem
232 1097 412 1161 clematius,
436 1099 554 1151 omnium
565 1116 606 1152 me
617 1115 721 1154 ameum
727 1103 802 1174 secl,
829 1095 863 1156 ut

1 1199 2 1202 =
49 1180 139 1218 ornnes
159 1167 363 1239 lucrifacerem.
400 1169 485 1231 Hoc,
498 1171 615 1234 opinor,
642 1171 861 1228 offensus-scru-

1 1273 2 1284 ι
48 1235 116 1304 pulo
129 1245 246 1289 sanctus
257 1235 427 1300 Ambrosias,
439 1243 529 1306 putat,
539 1237 613 1292 hunc
624 1255 685 1293 csse
695 1257 859 1310 germanum

49 1305 316 1372 Apostolisensum,
345 1309 458 1359 utviam
475 1315 638 1374 praestruat
656 1310 714 1373 illi,
735 1314 810 1378 quod
821 1313 862 1366 ait

49 1389 110 1443 cap.
132 1374 160 1428 9.
177 1375 232 1428 sibi
249 1389 360 1444 quoquo
375 1382 543 1445 potestatem
554 1393 615 1430 esse
626 1377 764 1443 faciendi,
785 1381 860 1448 quod

49 1445 139 1508 ceteri
159 1445 320 1510 faciebant,
341 1447 386 1498 vel
405 1446 550 1514 Apostoli,
573 1447 619 1499 vel
639 1448 862 1516 pseudapostoli,

1 1559 3 1567 ,
48 1514 182 1580 sumendi
193 1515 298 1568 victum
310 1516 345 1568 ab
358 1515 515 1584 his,quibus
526 1516 864 1586 praedicabatllvungcli·
911 1559 913 1567 .
963 1556 972 1568 t

1 1625 16 1682 ¹<
47 1582 860 1722 lta{tittttnltlltlltilt’tit‘lttltlatttt

47 1723 149 1794 gnibus
160 1725 239 1775 vitiis
250 1691 427 1793 obiurgabat?
478 1740 542 1779 arro
554 1729 678 1796 quisquis
690 1727 804 1794 accipit,
828 1728 861 1779 lit

47 1791 258 1862 quodammodo
270 1795 406 1846 obnoxius
418 1795 459 1858 cl,
479 1809 564 1864 aquo
575 1797 690 1862 irrupit,
708 1800 737 1848 ct
752 1793 858 1862 aliquid
916 1837 920 1842 ,

0 1880 1 1897 ³
47 1863 160 1917 decedit
172 1863 314 1930 derigere
324 1865 510 1916 auctoritatis.
532 1863 683 1932 Siquidem,
694 1865 739 1933 qui
752 1865 860 1932 accipit,

46 1933 139 1986 asinus
151 1933 241 1984 libere
252 1931 394 2001 obiurgat:
411 1934 496 2000 etqui
508 1933 603 1996 dedit,
611 1949 664 1985 non
676 1933 792 2001 perinde
802 1933 859 1986 fert

48 2001 195 2070 obiurgari
207 2003 242 2076 ab
254 2017 302 2066 eo,
320 2004 363 2053 cui
374 2003 523 2056 benefecit.
546 2005 581 2055 ln
590 2003 644 2055 buc
654 2005 744 2074 igitar
753 2002 858 2055 Paulus

47 2072 187 2124 abstinuit
198 2072 233 2123 ab
244 2071 279 2123 iis
286 2108 295 2137 ,
305 2086 376 2139 quae
387 2073 523 2137 licebant,
533 2078 566 2123 at
578 2075 738 2125 consuleret
748 2076 858 2137 aposto·

1 2201 2 2206 ἵ
48 2140 121 2195 lieae
131 2141 276 2203 libertati,
297 2155 377 2208 quani
389 2143 416 2193 in
429 2141 481 2194 liae
490 2142 604 2194 volebat
616 2141 687 2194 nulli
699 2154 761 2191 esse
772 2139 859 2190 obno-
958 2178 964 2185 .

1 2211 2 2254 l
48 2212 140 2272 siam,
159 2205 193 2260 ‘at
202 2209 333 2272 liberius,
350 2225 382 2262 aa
391 2211 498 2263 maiore
510 2226 570 2261 cunr
582 2207 754 2262 auctoritate
765 2219 860 2272 repre-

24 2278 400 2332 Ἰιοιιιὶιιιειίἰιοιιιιιιιίιίιι
428 2279 500 2332 illibi
511 2293 642 2330 senonen
655 2274 785 2342 displicet
796 2275 859 2327 Am·
933 2307 938 2313 -
976 2289 978 2294 ·

49 2348 344 2402 bresianasententia.
373 2351 503 2401 Attamen
520 2351 543 2400 si
554 2347 616 2414 quis
626 2345 723 2398 mallet
734 2343 808 2396 liuno
817 2343 857 2396 lo-

50 2433 111 2470 cam
134 2417 172 2469 ad
188 2418 265 2468 cibos
280 2417 503 2481 aecouimoclarc3
525 2429 588 2468 mea
603 2415 758 2478 sententia,
784 2412 859 2484 quod

49 2487 89 2539 ait
104 2487 226 2539 Paulus:
258 2485 313 2538 ses
328 2505 377 2554 ego
393 2487 440 2540 sud
451 2487 550 2540 nullius
560 2485 857 2555 redigarpotestatem,
878 2532 880 2536 .

49 2555 90 2608 sic
100 2555 192 2622 accipi
203 2563 312 2622 possets
331 2557 457 2610 Tametsi
468 2571 662 2622 nonnunquam
674 2554 828 2606 abstineam
840 2566 857 2604 u

52 2625 117 2677 cibis
128 2625 331 2688 immolatitiis,
351 2633 399 2678 aut
410 2626 472 2695 legs
486 2625 612 2676 Massica
622 2625 734 2686 vetitis,
750 2629 782 2674 ut
793 2636 856 2672 con·

52 2693 143 2746 salsus
153 2695 242 2746 saluti
253 2697 373 2762 proximi
383 2711 416 2748 se
426 2694 564 2761 profectui
576 2693 751 2762 otrangelicm
761 2697 855 2745 tannen

53 2765 160 2818 uinus
170 2777 250 2816 meas
261 2765 335 2818 liber
345 2769 403 2830 est,
422 2763 472 2832 qui
481 2767 550 2829 scit,
568 2762 621 2818 sibi
631 2763 716 2816 licere
726 2759 801 2814 vesci
814 2758 856 2809 ci·
