2132 3196
234 189 324 262 ιι
396 162 864 265 ἰιιιιοοιιιιιινιιιιιι.
952 237 955 244 ,
1050 161 1059 294 j

233 315 299 362 sunt
308 308 386 362 urmb
396 311 517 362 certiora
528 307 661 360 adversus
671 307 807 358 latrones.
820 353 824 356 .
849 306 902 363 Sed
916 323 969 376 ogo
981 323 1041 360 ma·

232 379 281 430 lim
294 384 324 431 et
333 395 402 430 onus
414 388 444 432 et
454 379 614 447 perieulum.
640 390 689 427 ns.
711 375 822 427 Nihiine
832 377 882 426 tibi
894 378 1040 430 ademtum

232 447 388 499 ostiaria?
414 463 453 499 nr.
475 445 599 498 Mihinoi
630 447 741 508 Quaeso
769 445 818 496 uid
831 445 933 510 eripias
945 447 1040 501 nudat

231 516 301 566 Aliis
313 517 393 567 citius
404 516 558 583 periculum
569 520 631 565 erat
646 530 663 565 a
672 530 724 567 me.
786 515 855 565 icuit
866 511 932 563 mibi
947 529 1039 566 vacuo

231 584 335 636 viatori
350 600 401 652 per
416 591 506 636 totum
522 587 577 634 iter
593 599 693 636 canere
709 588 739 635 ot
750 579 867 635 esurire.
894 582 1039 648 Numquid

232 653 292 703 visi
312 666 358 705 on.
377 654 438 715 Quo
448 668 522 703 nunc
533 651 598 702 binc
610 651 689 703 ubist
708 666 748 702 ιι.
764 652 851 702 Recto
862 651 985 713 domurn,
996 668 1042 703 sa·

230 720 371 776 lutaturus
383 727 498 788 penates
509 719 613 771 iamdiu
624 735 683 782 non
692 721 774 772 risos.
802 735 847 771 un.
868 719 985 784 Precor,
1007 725 1043 780 ut

230 790 290 842 illic
301 789 428 842 offendas
439 791 532 841 omnio
541 790 625 840 iacta.
657 804 696 840 nr.
715 789 827 840 Utinam
841 790 883 840 ita
893 788 983 840 redint
994 805 1041 840 su·
1059 779 1062 803 '

230 859 300 924 peri.
344 856 420 910 Nihil
431 861 541 910 interim
554 859 725 910 extititnovi
737 858 812 909 domi
822 857 958 909 nostraci
991 871 1040 912 ca.

229 926 321 989 Nihil,
331 929 387 978 nisi
397 927 473 996 quod
485 932 608 994 reperies
619 933 726 978 auctam
739 925 882 978 firmiliani.
903 925 977 978 Nom
988 933 1042 978 tua

230 997 339 1049 Catulla
350 999 459 1066 peperit
467 998 518 1062 tibi
529 995 650 1049 catulum
663 997 780 1048 absenti.
796 997 860 1048 Tua
871 995 978 1064 gallina
988 1010 1040 1062 pe·

228 1068 303 1132 perit
316 1066 367 1116 tibi
378 1080 468 1118 ovum.
512 1081 551 1116 nr.
570 1065 647 1117 Bene
658 1067 779 1116 nuncius.
811 1064 899 1116 Grata
910 1066 1039 1117 nuncies.

227 1135 265 1183 At
284 1147 336 1198 ego
352 1133 406 1185 tibi
420 1147 471 1200 pro
491 1133 580 1186 isthoc
590 1134 689 1185 nuntio
701 1134 837 1199 polliceor
849 1134 1038 1200 evangelium.

228 1213 274 1250 ors.
296 1201 460 1262 Quodnam!
475 1203 629 1255 secundum
640 1201 833 1254 Matthaeumi
852 1218 890 1254 nr.
901 1202 974 1265 Non,
985 1203 1039 1254 sed

203 1270 382 1322 secundum
393 1269 559 1321 Homerum.
594 1271 650 1331 En,
673 1272 776 1336 accipe.
809 1286 854 1322 cs.
874 1271 1040 1324 Tibiserva

228 1341 307 1388 tuum
320 1339 505 1405 evangelium.
527 1337 599 1388 Mihi
609 1353 741 1390 saxorum
753 1341 823 1390 satis
835 1346 878 1391 est
890 1338 976 1392 domi.
994 1355 1037 1392 nr.

228 1403 271 1457 Nc
282 1411 382 1471 sperne
394 1408 596 1460 munusculum.
610 1407 717 1458 Adtiies
729 1407 752 1470 ¹¹)
762 1413 821 1469 est,
843 1410 889 1474 qui
905 1409 1034 1475 gravidis

228 1473 359 1526 admotus
369 1476 398 1526 in
408 1477 497 1539 nixu,
517 1482 640 1529 maturat
651 1483 770 1544 portum.
812 1487 857 1526 cs.
885 1475 1038 1539 quiduis!

227 1541 282 1594 Est
292 1543 360 1594 mihi
371 1559 439 1596 saue
451 1545 650 1612 gratissimum.
671 1544 834 1612 Dispiciam,
844 1544 919 1598 unde
929 1548 1038 1611 possim

228 1609 282 1662 boc
293 1612 396 1666 donum
408 1628 532 1678 pensare.
563 1630 601 1666 ι.ι.
621 1614 735 1667 Abunde
747 1619 893 1680 pensatum
904 1619 986 1681 puta,
1013 1617 1037 1666 si

227 1678 296 1732 boni
306 1680 490 1734 consulueris.
526 1697 572 1735 nn.
592 1686 650 1737 lmo
662 1682 1039 1750 nihilacciderepotuitma·
1060 1747 1065 1753 p

223 1747 272 1814 gis
283 1751 310 1800 in
323 1756 458 1815 tempore.
488 1751 560 1802 N'am
574 1754 655 1802 uxori
670 1765 748 1803 meae
764 1753 927 1819 iampridem
942 1757 1039 1804 tumet

230 1821 335 1869 uterus.
355 1833 402 1876 ιι.
419 1819 492 1870 illud
503 1821 590 1887 igitur
600 1823 635 1872 ab
646 1826 675 1872 to
685 1821 855 1886 stipulabor,
874 1827 906 1871 ut
925 1822 949 1872 si
965 1836 1039 1872 nias·

231 1885 323 1936 cuium
337 1886 470 1951 ediderit,
491 1905 536 1940 me
549 1886 737 1956 susceptorem
748 1891 873 1941 asciscas.
906 1901 953 1939 uu.
974 1887 1039 1940 Pol·

199 2007 205 2016 ,
228 1953 325 2016 licem,
336 1970 368 2007 ac
379 1962 456 2007 tuum
469 1958 581 2020 indetur
591 1972 679 2024 puero
691 1972 801 2010 nomen.
813 1974 852 2009 or.
859 1957 942 2019 Quod
951 1959 1037 2010 utris·

210 2029 213 2037 '
229 2035 283 2088 que
294 2023 367 2078 bene
377 2030 478 2078 vertet.
501 2041 547 2079 us.
566 2027 625 2079 lmo
636 2026 717 2078 nobis
728 2028 864 2100 omnibus.
912 2041 915 2045 ·

556 2152 704 2206 Personae.

402 2218 618 2287 Macrianus,
651 2225 861 2275 curarimus.

283 2299 330 2338 ιιι.
350 2284 460 2340 Redisti
483 2291 563 2342 nobis
586 2294 697 2344 obesior
715 2288 808 2343 solitis.
847 2289 955 2343 Redisti
972 2305 1033 2358 pro·

228 2353 328 2406 cerior.
363 2371 409 2408 cr.
430 2359 467 2409 At
478 2358 605 2426 equidem
616 2360 729 2413 mailem
740 2360 916 2426 prudentior,
928 2368 978 2412 aut
989 2360 1037 2411 dn·

132 2487 138 2490 -
227 2422 311 2472 otior.
333 2438 377 2475 ιιι.
388 2426 523 2479 lmberbis
535 2430 652 2492 abieras,
673 2429 772 2481 redisti
782 2428 953 2481 barbatulus.
965 2433 1038 2482 Con·

230 2491 343 2542 traxisti
356 2494 406 2544 tibi
418 2498 518 2549 absens
529 2498 656 2550 nonnihil
666 2498 745 2550 senii.
772 2497 844 2561 Quid
856 2498 909 2549 sibi
920 2499 982 2549 ruit
991 2497 1039 2549 hic

230 2558 341 2622 pallori
366 2563 431 2628 quid
442 2567 561 2618 mocissi
590 2568 656 2634 quid
673 2568 751 2618 frons
764 2566 910 2632 caperatat-
939 2581 981 2618 cr.
999 2566 1039 2618 Ut

231 2632 275 2676 est
289 2626 415 2695 fortuna,
436 2635 532 2686 sicest
543 2637 668 2701 corporis
684 2634 801 2686 habitus
831 2649 875 2687 aa,
892 2634 969 2697 ,Num
989 2635 1038 2686 ad·

260 2731 279 2775 ¹)
297 2730 470 2791 Lapidisgenus
477 2735 506 2778 ab
514 2735 591 2790 aquila
599 2746 680 2778 nonen
689 2728 782 2778 babens.
791 2735 853 2780 Ptin.
862 2735 914 2804 Lib.
923 2741 957 2780 li.
965 2749 986 2780 c.
993 2741 1027 2780 11.
