2150 3198
320 226 638 284 ΜῙΣΟΓΑΜΟΣ.
811 227 880 290 ’165

77 333 102 388 si
115 332 219 386 centies
230 331 348 384 abiiciot
358 336 465 383 vestem
475 331 655 398 imperatoris
664 351 698 389 uc
706 336 814 391 domini
823 337 879 402 sui,
889 316 902 340 Γ

77 407 202 472 quaeest
222 404 325 453 mentis
345 401 515 452 innocentia.
552 415 593 455 cr.
611 407 695 472 Atqui
715 406 769 460 hoc
788 409 879 474 ipsum

77 474 152 526 siunt
175 468 397 533 eximii'meriti,
415 471 440 521 si
456 471 516 538 quis
528 487 559 522 sc
570 479 669 538 sponte
682 477 797 530 deditio
810 476 879 528 hone

44 567 50 606 χ
78 543 248 594 servitutem.
284 552 333 591 nu.
353 540 414 590 Isto
431 556 497 598 vero
520 539 814 610 doetrinnpharisnicu
828 553 879 598 cst.
908 559 925 600 *t
951 595 956 600 .

77 609 177 664 Paulus
190 615 292 660 contro
302 609 398 672 docet,
417 614 448 659 ut
460 610 507 675 qui
517 609 592 662 liber
602 620 716 664 vocatus
726 614 778 674 sit,
790 629 824 664 ne
835 629 881 666 vc·
964 609 966 614 ’

76 680 112 734 lit
121 680 181 730 fieri
193 694 307 744 servus,
330 678 380 730 sed
390 681 485 746 potius
497 694 610 745 opernm
621 681 683 745 det,
701 690 733 732 ut
743 683 793 732 fiat
802 682 882 734 liber.

77 752 165 815 Atque
177 747 232 799 hoc
241 741 382 796 infelicior
393 755 435 798 est
446 749 579 812 servitus,
601 751 676 817 quod
693 751 818 817 pluribus
835 751 883 803 do·

8 827 10 838 ’
52 839 54 859 ·
77 820 157 871 minis
168 817 222 868 tibi
234 815 471 877 serviendumsit,
487 820 561 882 quod
573 815 738 888 plerumque
747 820 842 872 stultis
854 825 895 873 et
909 829 914 838 “

8 901 35 939 1s
76 886 227 953 improbis,
246 886 319 958 quod
330 884 458 946 incertis,
475 899 508 934 ac
518 886 635 938 subinde
648 891 734 940 novis.
753 890 883 941 Illudmi·
928 898 932 902 ‘

78 955 110 1008 hi
122 953 270 1022 responde.
294 954 478 1020 Emancipant
488 960 515 1004 te
527 954 605 1022 leges
616 971 633 1006 a
643 957 704 1010 iure
715 965 860 1024 parentum
870 957 882 1009 i

78 1041 121 1079 cn.
140 1025 329 1091 Nequaquam.
365 1038 411 1091 nu
433 1021 549 1074 Licetne
565 1025 653 1090 igitur
667 1027 720 1079 tibi
731 1027 824 1080 omero
834 1033 883 1078 out

78 1094 198 1148 vendere
218 1091 334 1143 fun‘dom
352 1092 449 1144 inritis
471 1095 655 1158 parentibusi
691 1113 732 1150 cn.
755 1087 883 1151 Minime.

77 1179 126 1218 Eo.
147 1163 225 1214 Unde
235 1164 322 1229 igitur
336 1162 390 1213 tibi
402 1161 459 1224 ius,
489 1168 521 1213 ut
539 1169 567 1214 te
581 1163 668 1230 ipsum
685 1166 772 1218 dedus
788 1169 882 1222 nescio

117 1235 188 1295 ibus,
198 1232 294 1283 invitis
304 1230 485 1298 parentibus?
503 1233 545 1282 An
554 1248 610 1284 non
620 1242 652 1286 tu
661 1236 720 1286 illis
731 1237 884 1300 carissimu,

79 1249 256 1368 damnoque
269 1299 422 1368 proprisos
433 1303 589 1368 possessio?
607 1320 647 1354 cn.
659 1307 691 1356 ln
701 1307 815 1372 negotio
828 1307 885 1372 pie·
901 1365 906 1372 p

80 1373 148 1426 tatis
171 1381 282 1424 cessant
301 1378 417 1424 naturae
439 1372 527 1438 leges.
544 1385 591 1424 uu.
607 1373 758 1440 Negotium
769 1374 884 1440 pietatis

8 1493 9 1500 ,
78 1443 254 1512 potissimum
266 1441 358 1508 agitur
369 1441 396 1491 in
407 1442 559 1506 baptismo:
590 1439 652 1494 heic
668 1448 774 1493 tantum
790 1444 886 1508 agitur

8 1505 10 1590 i

8 1797 12 1884 i
44 1787 46 1793 .

8 1945 11 2004 r

8 2249 9 2272 q
78 2214 156 2270 tum,
179 2221 214 2260 ex
235 2221 268 2258 eo
285 2205 408 2267 discere,
430 2204 503 2272 quod
515 2210 543 2254 tc
555 2203 823 2254 reddotmeliorem:
853 2201 887 2252 li·
974 2218 986 2263 j

79 1509 115 1565 de
136 1517 214 1563 veste
234 1511 380 1573 mutando,
400 1511 489 1580 deque
510 1525 611 1576 genere
631 1513 720 1573 vitae,
740 1512 815 1578 quod
835 1525 886 1577 per

78 1597 111 1636 se
122 1583 213 1648 neque
224 1581 328 1632 bonum
341 1586 397 1642 est,
417 1595 504 1646 noque
516 1581 627 1631 malum.
663 1583 722 1634 lum
736 1581 808 1632 illud
818 1579 886 1632 mihi

79 1650 242 1712 considero,
265 1655 398 1716 quantum
420 1650 650 1702 commoditatum
664 1651 748 1704 simul
771 1650 896 1702 omittes.

78 1736 143 1774 cum
158 1720 301 1771 libertate.
331 1719 412 1771 Nunc
428 1721 482 1771 tibi
491 1720 609 1772 liberum
622 1723 702 1772 estin
714 1726 763 1772 tno
775 1718 886 1772 cubicu-

77 1792 107 1844 lo
118 1791 227 1858 legere,
246 1803 341 1854 orare,
360 1788 496 1856 psallere,
518 1795 649 1854 quantum
663 1788 812 1855 ctquondo
825 1802 888 1856 gro.
958 1803 962 1812 -

77 1865 141 1913 tum
154 1864 198 1911 est
209 1860 298 1918 nnimo
309 1866 368 1910 tuo.
389 1859 470 1920 Quod
482 1859 506 1907 si
516 1855 612 1909 toedet
624 1855 826 1921 cubiculi‚licet
837 1871 886 1908 uu-

78 1931 140 1983 dire
152 1930 296 1980 cantiones
308 1927 527 1996 ecclesiasticas,
550 1927 647 1979 adesse
667 1927 770 1990 sacris,
787 1926 888 1980 nudire,

78 2014 177 2052 sacras
189 1998 347 2049 conciones:
370 2003 398 2048 et
409 1997 526 2062 siquam
539 1997 640 2048 videris
652 2005 825 2058 matronam,
837 2001 889 2048 out

77 2069 219 2136 virginem
241 2067 355 2133 egregie
376 2067 510 2136 probum,
530 2079 564 2116 ex
586 2070 644 2116 eius
667 2066 808 2132 colloquio
824 2062 906 2115 fieri-³
975 2127 978 2133 .

77 2139 241 2191 meliorem:
262 2137 289 2186 si
305 2151 384 2203 quem
404 2137 492 2187 virum
507 2137 609 2202 insigni
624 2135 766 2200 probitate
776 2132 888 2198 prdedi·

8 2281 10 2300 ¹
78 2277 157 2330 cebit
170 2282 198 2328 et
209 2275 434 2326 concionatorem
447 2273 584 2340 deligere,
595 2273 644 2338 qui
654 2272 799 2336 purissime
810 2269 893 2322 Girri.

78 2353 156 2399 stum
170 2345 280 2396 doceat.
299 2345 360 2396 Hos
371 2360 416 2395 res
429 2344 535 2395 omneis
552 2341 699 2408 exquibus
719 2341 887 2409 proecipuus
936 2347 940 2350 ’
998 2410 1001 2418 1

29 2430 36 2436 ’
79 2422 124 2468 cst
140 2414 285 2483 profectus
297 2413 332 2464 cd
343 2428 436 2465 veram
450 2411 596 2476 pictatem,
624 2409 730 2462 anrittis
743 2409 831 2462 semei
842 2408 890 2462 ad·

75 2549 543 2607 nnndhuctemoventnominot
566 2546 889 2616 Romipsam'pcrpcndi·
930 2612 933 2614 -
978 2548 984 2562 ”

77 2485 159 2537 dicta
180 2483 312 2549 collegio·
341 2498 383 2533 cs.
406 2480 460 2532 Sed
481 2481 594 2532 interim
608 2495 663 2531 non
680 2495 728 2530 ero
744 2477 887 2530 monachu.

8 2625 10 2678 ζ
75 2629 118 2676 to.
150 2622 198 2674 llli
218 2622 326 2674 iactant
341 2619 538 2671 obedientium.
582 2615 889 2672 Numealnustihide-

8 2733 10 2744 ,
75 2693 150 2754 erit,
169 2692 197 2742 si·
204 2691 318 2742 obedias
335 2688 495 2758 parentibus
507 2687 578 2749 tuis,
606 2689 705 2754 quibus
719 2687 795 2738 Deus
810 2683 891 2736 iubet

76 2758 208 2817 obedirit
218 2759 243 2812 si
250 2759 391 2829 Episcopo
401 2763 460 2822 tuo,
469 2763 497 2812 et
508 2757 677 2835 postorituot
690 2755 763 2809 Num
772 2765 889 2838 pauper·
913 2797 914 2801 ,
