2160 3192
176 176 179 188 '
217 202 270 256 πο
383 187 632 260 innuistmo
656 191 714 258 uu
741 188 854 268 aion.

190 304 194 311 '
217 319 260 355 si.
269 301 310 353 ut
320 303 395 354 totus
408 300 491 353 homo
503 300 744 367 glorificetureum
753 295 881 370 Christo,
904 293 953 360 qui
964 290 1031 347 bein

217 378 294 424 totus
306 369 425 422 afflictus
437 376 497 422 erat
507 385 557 436 pro
569 367 688 420 Christo.
721 383 765 418 iu.
790 364 864 425 Quid
882 363 940 415 eibi
958 365 1030 426 vult,

221 440 294 509 quod
305 439 398 492 audit:
420 443 456 492 Et
467 441 554 490 vitam
565 435 726 499 aeternam!
747 451 791 486 en.
807 433 850 484 Ne
862 434 926 500 quis
937 436 1031 503 suspi-

208 517 301 562 -cetur
312 524 362 560 nos
375 513 415 562 sic
427 509 590 570 revicturos,
603 504 834 575 quemadmodum
845 503 899 554 sub
910 517 1032 554 vernum

221 583 332 645 tempus
343 579 511 630 reviviscunt
523 593 622 639 ranae,
644 590 740 628 rursus
756 573 920 624 moriturae.
959 572 1033 624 Nam

221 647 286 700 heio
298 649 400 714 duplex
411 661 485 698 mors
498 652 555 698 est:
568 646 704 714 eorporis,
714 643 795 695 bonis
806 657 838 693 ae
848 641 932 693 nialis
943 641 1039 694 omni·.

220 717 274 770 bus
286 718 454 789 epnmiunis'5
475 723 503 772 et
514 716 607 766 animi.
639 717 717 766 Mem
728 722 822 765 autem
834 711 921 762 animi
934 725 1033 778 pecca·

221 792 281 839 tum
295 793 347 839 est.
370 787 406 838 nt
417 792 480 856 post
491 787 722 840 resurrectionem
732 783 789 850 piis
799 783 853 833 erit
864 788 986 834 aeterna
995 780 1034 830 vi·

220 863 266 919 ta,
289 864 349 909 tum
360 857 498 922 corporis,
518 861 575 924 tum
588 850 683 910 animi.
711 853 770 904 Nee
780 851 853 904 einim
865 865 969 917 eorpus
980 850 1035 902 erit

167 955 173 976 l
222 927 346 994 amplius
357 923 508 981 obnoxium
520 925 639 986 morbis,
651 919 747 982 senio,
767 921 848 982 fanni,
867 920 932 982 siti,
954 918 1034 970 dolu-

221 997 263 1059 ri,
284 995 459 1059 lassitudini,
471 994 570 1059 monti,
582 1002 630 1046 aut
640 993 690 1043 ulli
702 988 893 1054 incontuiod03
915 987 968 1042 sed
979 990 1034 1057 spi·

221 1063 326 1117 rituale
337 1064 441 1114 factum
454 1065 571 1130 spiritus
582 1063 700 1115 arbitrio
710 1060 883 1116 movebitur:
901 1067 961 1110 ‘nee
971 1060 1033 1110 ani·
1075 1057 1076 1062 ’

222 1149 285 1185 mus
303 1133 434 1199 deinceps
451 1133 516 1184 ullis
526 1134 601 1185 vitiis
613 1139 661 1184 aut
674 1131 819 1182 doloribus
831 1129 1033 1191 solicitabitur,

222 1202 272 1255 sed
289 1201 351 1252 sine
369 1203 423 1254 line
444 1201 554 1254 fruetur
575 1217 682 1255 summo
702 1201 793 1261 bono,
813 1200 859 1267 qui
881 1204 926 1251 est
943 1197 1032 1250 Deus.

224 1271 341 1333 Contra,
352 1268 452 1339 impios
464 1287 540 1324 mors
551 1279 666 1330 aeterna
678 1270 846 1339 possidebit,
861 1275 921 1320 tum
933 1275 1036 1335 corpo*

222 1343 276 1404 ris,
296 1347 357 1391 tum
369 1343 464 1393 animi.
501 1343 573 1395 Nam
589 1349 619 1396 et
629 1357 729 1410 eorpus
741 1339 881 1392 habebunt
892 1337 929 1390 ad
940 1343 1032 1390 aeter*

222 1426 274 1462 nos
285 1413 425 1464 eruciatus
434 1414 600 1474 immortale,
621 1419 650 1465 et
660 1413 780 1464 animum
792 1414 971 1476 peccatorum
983 1405 1030 1458 sti·

222 1481 307 1534 mulis
317 1497 428 1550 semper
437 1481 569 1536 afflictum
582 1483 685 1550 absque
696 1496 745 1548 spe
756 1481 862 1532 veniae.
895 1493 943 1530 su.
966 1478 1031 1528 Cre·

223 1549 267 1602 dis
278 1549 346 1602 haee
358 1565 392 1608 ex
404 1554 495 1603 animo
507 1567 541 1604 ae
551 1551 643 1605 seriel
664 1567 707 1606 aii.
718 1549 777 1612 Sic,
787 1551 915 1617 iniquam,
938 1553 972 1598 ut
983 1546 1030 1598 mi⁴

223 1618 355 1670 biminus
367 1629 473 1671 certum
488 1621 539 1684 sit,
560 1627 589 1672 te
610 1636 719 1674 mecum
739 1619 869 1690 colloqui.
905 1632 951 1670 iu.
970 1618 1031 1685 Ego

223 1702 307 1755 quum
321 1703 411 1740 essem
422 1689 544 1752 Romae,
555 1706 609 1750 non
622 1692 730 1754 omneis
741 1691 832 1757 reperi
843 1703 931 1754 aeque
944 1685 1032 1738 since·

131 1767 141 1782 ⁵
223 1773 255 1810 re
266 1759 421 1810 eredentes.
445 1775 490 1810 aa.
510 1759 570 1814 lmo
581 1760 606 1814 si
625 1762 765 1824 excutias,
785 1759 910 1826 reperies
923 1763 953 1809 et
964 1756 1033 1809 alibi

223 1827 340 1888 multos,
359 1827 460 1894 quibus
480 1827 549 1880 liaeo
564 1845 618 1882 non
631 1846 719 1898 aeque
730 1845 863 1898 persuasa
872 1833 949 1880 sunt.
986 1842 1031 1880 iu.

223 1893 313 1955 Quum
325 1896 353 1949 in
367 1903 425 1948 tam
436 1897 533 1952 multis
550 1906 579 1951 et
589 1899 683 1954 arduis
696 1900 858 1952 consentias
874 1898 1038 1960 nobiseum,

223 1965 288 2032 quid
299 1964 394 2018 obstat
405 1982 458 2034 quo
471 1969 562 2041 miuus
573 1976 650 2020 tolus
661 1971 701 2020 sis
713 1965 831 2024 noster'i
851 1983 893 2019 ui.
905 1967 986 2020 istud
997 1967 1033 2020 ex'
1044 1975 1048 1980 '

222 2041 253 2087 te
265 2035 362 2088 audire
374 2038 466 2104 cupio.
502 2037 573 2090 Nam
590 2041 650 2106 ipse
660 2039 727 2090 mibi
740 2039 837 2090 uideor
848 2035 1035 2100 orthodoxus,

222 2107 334 2158 etiamsi
344 2107 429 2158 vitam
441 2123 531 2160 meam
543 2109 630 2160 nolim
643 2116 803 2175 praestare3
813 2106 1032 2162 tametsisedulo
1071 2129 1073 2132 ·

224 2191 323 2240 eonor,
344 2184 376 2228 ut
389 2176 744 2245 professioni'respondeat.
779 2194 825 2229 iu.
845 2176 925 2228 Unde
945 2175 1034 2249 igitur'

223 2251 331 2296 tautum
342 2247 446 2299 bellum
457 2248 592 2300 intervos
605 2254 633 2301 et
641 2245 831 2304 orthodoxos!
842 2263 886 2297 es.
894 2245 1030 2314 Exquire.

223 2311 278 2364 Sed
290 2313 357 2372 heus
368 2316 484 2380 medice,
495 2319 520 2370 si
532 2333 586 2368 non
599 2319 725 2385 poenitet
736 2315 818 2367 huius
829 2317 1029 2382 prooemiisu·

215 2395 282 2433 ¹mes
292 2383 434 2437 nobiseum
446 2388 639 2457 praiidiolum,
663 2393 692 2440 et
706 2405 724 2440 a
742 2386 858 2453 prandio
878 2402 928 2454 per
941 2385 1029 2438 otium

219 2453 449 2517 percunctaberis
481 2457 516 2508 de
544 2457 850 2528 singulis31praebebo
883 2455 1028 2513 brachium

219 2525 382 2600 utrumque:
393 2524 524 2590 inspicies
534 2532 724 2590 excrementa,
736 2533 794 2577 tum
807 2526 958 2589 crassiora,
970 2534 1037 2578 tum=

217 2588 379 2670 liquidiora.
414 2593 543 2662 Demque
553 2595 653 2659 facies,
674 2598 698 2647 si
710 2596 869 2661 uidebitur,
880 2597 969 2648 tutius
981 2595 1028 2648 hu·

219 2673 263 2710 ius
275 2662 399 2740 pectoris
416 2665 603 2727 anatomiam,
625 2679 680 2730 quo
696 2667 800 2724 certius
812 2664 846 2717 de
857 2681 902 2717 me
914 2667 1027 2718 iudices.

218 2741 267 2810 pu.
279 2728 315 2780 At
324 2729 424 2799 religio
436 2737 583 2792 esttecum
595 2747 718 2788 mensam
730 2733 832 2788 habene
846 2750 1025 2792 eonimunem.

1024 2907 1038 2939 ί

1030 2954 1043 3005 l
1071 3001 1073 3008 .
