2126 3188
209 179 265 258 zoa
438 147 784 256 an'cunrrsrlen.

209 303 341 374 pecunia:
364 303 437 368 Nos,
453 303 557 375 inquit,
574 305 704 368 Balbine,
723 306 807 358 lentis
818 304 949 361 consiliis
962 305 1019 379 agl·
1059 315 1061 320 ’

209 391 285 438 mus3
306 377 382 441 atqui
395 389 441 428 res
457 377 549 442 poscit
563 391 694 442 praesens
704 375 866 429 remedium.
903 378 964 430 lam
976 395 1020 432 ar·

208 443 303 496 bitror
323 443 487 508 adfuturos,
511 445 559 511 qui
577 461 622 496 me
643 444 783 512 abripiant
793 445 824 496 in
832 445 937 498 malurn
948 462 1016 501 rem.

209 513 339 582 Denique
350 530 434 582 quum
446 507 1017 576 nibiloccurreretBalbino,tun‹lemalcu·

170 643 172 650 ¹
210 585 304 647 mista,
316 584 375 636 Nee
385 583 455 635 mibi
467 583 617 652 quidquam
630 584 759 644 occurrit,
771 584 868 651 inquit,
880 600 931 636 nee
942 585 1019 652 quid-

211 667 294 722 quam
307 667 454 720 superesse
464 653 561 716 video,
582 651 636 703 nisi
647 660 679 704 ut
690 653 805 706 fortiter
816 667 941 720 peream3
964 655 1019 707 nisi

210 723 287 775 forte
298 720 350 774 hoe
361 724 468 789 placet,
488 721 562 790 quod
579 737 663 774 ununr
679 729 822 789 superest,
844 723 914 774 utile
929 725 1017 792 magis

211 809 293 863 quam
305 791 467 856 honestum,
485 792 540 841 nisi
552 790 626 858 quod
637 791 736 843 durum
748 799 791 844 est
803 792 889 844 telum
902 796 1017 845 necessi·

210 869 264 914 tus.
302 861 378 926 Seis,
399 861 496 942 prquit,
517 860 570 912 hee
581 857 721 912 bominum
734 875 820 928 genus
832 859 946 913 uvidum
959 878 1016 916 esse

212 931 360 1000 pecuniae,
381 945 469 1000 eoque
480 929 593 982 facilius
605 936 745 998 eorrumpi
756 946 845 998 posse,
863 938 896 983 ut
908 931 1014 984 sileant.

213 1002 348 1064 Quamvis
366 1000 463 1050 durum
485 1000 537 1064 sit,
557 1000 616 1051 illis
628 998 771 1054 furciferis
789 1000 856 1052 dare
867 1002 945 1068 quod
957 1015 1015 1068 pru·

213 1070 342 1130 madent,
353 1075 456 1131 tamen,
467 1076 498 1120 ut
511 1085 584 1120 nune
594 1085 638 1122 res
649 1077 723 1133 sunt,
734 1068 804 1120 nibil
815 1069 898 1135 video
909 1070 1014 1123 melius.

212 1139 290 1192 Idem
311 1138 401 1189 risurn
418 1145 460 1189 est
477 1138 611 1204 Balbin03
636 1156 669 1191 ae
686 1139 841 1194 numeravit
859 1141 1015 1193 aureortri·

214 1209 301 1275 ginta,
313 1208 412 1275 quibus
423 1208 575 1263 redimeret
585 1203 735 1262 silentium.
773 1226 820 1263 ru.
841 1210 946 1262 Mirum
956 1209 1015 1261 Bal·
1054 1258 1056 1264 .

212 1277 272 1328 bini
283 1277 482 1330 liberalitatem
495 1280 565 1331 mihi
577 1280 729 1347 praedicas.
758 1295 804 1330 nn.
817 1280 876 1331 lmu
888 1280 918 1330 in
930 1295 962 1332 re
971 1279 1014 1330 lno-

212 1353 294 1400 nesta
305 1348 385 1402 citius
396 1347 506 1402 dentem
517 1350 674 1402 extudisses
686 1351 1014 1417 abeo,quamnummum.

214 1417 260 1472 Sic
276 1426 453 1486 prospectum
471 1425 517 1472 est
535 1415 718 1482 aleunristae,
739 1420 784 1470 eui
794 1416 866 1469 nibil
878 1425 940 1472 erat
950 1418 1015 1486 peri·

214 1488 280 1550 culi,
295 1489 349 1539 nisi
360 1489 433 1556 quod
446 1502 501 1540 non
512 1488 630 1542 haberet
641 1489 715 1558 quod
727 1488 807 1540 daret
819 1487 936 1540 amicae.
971 1501 1016 1540 rra.

212 1555 354 1620 Demiror,
364 1557 485 1608 Balbino
497 1559 525 1608 in
538 1564 646 1608 tantum
656 1554 727 1608 nibil
738 1573 799 1611 esse
810 1558 880 1609 nasi.
898 1557 1017 1610 nuileio
1061 1563 1062 1566 ’

213 1623 364 1678 dumtaxat
373 1642 442 1680 naso
454 1633 542 1688 earet,
559 1627 587 1677 in
599 1629 701 1678 ceteris
713 1627 916 1678 nasutlssimus.
952 1625 1017 1677 Bur·

213 1711 274 1748 sum
287 1713 360 1747 nova
370 1697 488 1763 pecunia
502 1697 653 1748 instruitur
671 1697 785 1761 fornax,-
805 1697 852 1748 sed
864 1697 1018 1763 praemissa
1058 1747 1059 1750 ,

212 1764 249 1814 ad
262 1763 408 1830 Virginem
421 1771 538 1816 matrem
551 1766 769 1832 precatiuncula,
784 1773 815 1816 ut
826 1764 1019 1835 coeptisfave

211 1838 263 1883 ret.
299 1834 358 1884 lam
376 1840 453 1884 totus
472 1835 580 1885 exierat
596 1851 699 1898 annus,
719 1834 797 1897 dum,
815 1830 866 1884 illo
884 1832 1017 1885 nunehoc
1055 1833 1058 1870 l

211 1917 284 1952 nune
295 1901 648 1970 illudeaussante,lu‹litun
658 1919 751 1972 opera,
759 1910 787 1956 et
798 1903 874 1969 perit
885 1903 1015 1970 impensa.

211 1972 328 2025 Interim
349 1974 459 2024 exstitit
474 1989 555 2025 casus
567 1974 677 2040 quidam
689 1973 832 2024 ridiculus.
869 1988 918 2024 eu.
941 1973 1017 2034 Quis·

211 2043 292 2094 naml
327 2058 372 2094 na.
388 2044 542 2095 Aleumista
553 2042 683 2096 furtivam
695 2040 925 2110 consuetudinem
936 2040 1016 2094 habe·

211 2115 263 2164 bat
284 2129 344 2164 cum
357 2127 445 2163 uxore
461 2111 605 2164 cuiusdam
621 2111 718 2164 aulici:
738 2113 866 2173 maritus,
884 2115 1017 2178 concepta

117 2207 120 2218 «
213 2181 380 2247 suspicione,
390 2179 1017 2248 coepitbominemobservareTandemquum

212 2249 257 2300 illi
280 2254 437 2309 nunciatum
458 2257 545 2312 esset,
567 2251 722 2301 sacrificum
745 2249 856 2302 esseio
881 2248 1018 2307 cubiculo,

212 2325 326 2384 praeter
339 2325 574 2387 exspectationem
588 2317 1017 2384 rediitdomum,pulsatostium.

213 2401 263 2440 rrr.
286 2387 496 2450 antefactum
509 2387 630 2439 hominit-
659 2404 703 2440 aa.
722 2387 813 2450 Quidl
835 2385 909 2438 nibil
921 2399 1018 2438 snare:

215 2461 266 2509 aut
276 2458 419 2510 occisurus
431 2465 502 2523 erat,
518 2467 567 2510 aut
579 2463 749 2521 exserturus.
785 2456 836 2507 Ubi
848 2457 970 2507 maritus
981 2457 1017 2506 in·

215 2529 292 2579 stans
303 2528 494 2590 minitaretur,
516 2544 546 2579 se
556 2528 585 2578 ri
596 2525 776 2578 effracturam
789 2525 902 2587 (istium,
918 2527 949 2576 ni
961 2537 1019 2592 ape·

214 2597 285 2647 riret
296 2611 375 2656 uxor,
386 2610 557 2662 magnopere
569 2597 738 2662 trepidatum
750 2601 801 2657 est,
817 2602 846 2646 et
857 2592 1019 2661 circumspi·

115 2663 118 2677 '
215 2665 289 2716 titur
308 2669 540 2730 praesentaneum
560 2665 674 2730 aliquod
690 2665 844 2717 consilium.
883 2663 946 2716 Nee
962 2667 1019 2716 erut

216 2731 310 2793 aliud,
329 2745 412 2796 quam
423 2733 497 2798 quod
507 2731 570 2802 ipsa
578 2734 664 2787 dabat
674 2751 743 2791 res..
766 2732 877 2788 Abiecit
886 2733 1019 2793 tunicam,
