2126 3188
237 179 241 185 .
324 159 602 236 ,roborans
691 177 694 182 v
785 125 900 238 '3²⁷1

68 267 126 320 lam
148 262 292 329 auditam,
320 279 355 316 ne
377 263 538 326 excideret,
564 261 721 318 describere
747 260 868 332 cuperet,

1 373 2 394 ,
48 335 214 399 ,damnavit
234 335 434 402 cogitationem
453 339 508 384 tam
520 331 670 395 asininam,
689 348 880 401 quurnungu·¹

1 439 2 450 η
68 406 114 458 las
125 408 284 457 intueretur
294 403 411 457 solidas.
431 417 476 454 ru.
492 402 530 452 Et
540 401 651 467 merito.
672 414 719 452 su.
733 403 808 470 Ergo
819 403 870 470 lip-

67 475 209 542 pientibus
221 474 323 535 oculis,
345 472 435 524 minus
445 471 523 523 videt
534 470 653 522 animus:
675 469 795 536 oppletis
807 488 870 524 sor-

67 545 150 596 dibus
162 542 288 606 auribus,
311 542 402 592 minus
418 538 510 609 audit:
533 541 580 591 ubi
595 539 738 598 cerebrum
754 549 871 608 occupat

4 636 6 640 ν
67 612 289 680 pituita,minus
301 605 411 673 olfacit3
428 610 475 660 ubi
485 615 583 676 stupet
594 610 760 672 membrum,
783 611 872 661 minus

67 684 168 736 sentit:
191 680 240 732 ubi
250 680 332 731 malis
347 677 510 731 humoribus
523 679 626 731 vitiata
637 684 680 731 est
692 677 805 746 lingua,
825 679 873 731 mi-

66 764 120 803 nus
131 755 236 817 gustat.
251 763 294 802 ri.
305 749 411 818 Negari
422 763 477 801 non
487 753 591 816 potest.
612 763 659 802 uu.
669 748 731 800 Non
743 748 778 800 ob
788 747 875 808 aliud,

68 821 126 872 nisi
137 818 202 885 quia
212 817 341 871 vitiatum
353 823 397 871 cst
412 832 556 885 organum.
589 832 636 870 rs.
657 818 795 870 Arbitror.
826 831 874 868 uu.

49 908 51 914 ’
69 889 130 942 Nec
141 887 290 952 inficiaris,
310 888 475 956 plerumque
485 887 580 940 vitiari
591 888 652 948 cibo
664 895 797 954 potuque.
829 899 875 938 re.

68 959 189 1021 Fateor3
209 957 260 1009 sed
273 957 339 1024 quid
350 960 423 1010 istuc
433 957 469 1009 ad
479 958 581 1010 bonam
591 957 734 1009 mentemi
753 971 800 1009 uu.
808 953 876 1006 Pro·

69 1028 136 1080 inde
148 1026 217 1095 quid
228 1026 326 1079 lolium
342 1027 377 1078 ad
394 1027 571 1096 perspicaces
587 1025 702 1078 oculosi
732 1040 778 1078 rs.
801 1025 886 1090 Quia¹

69 1096 156 1149 vitiat
167 1111 302 1165 organum
313 1097 406 1150 animi.
425 1109 472 1148 uu.
483 1094 575 1148 Probe
589 1095 750 1164 respondes
772 1094 876 1146 Verum
967 1136 972 1145 s
1029 1123 1040 1138 κ

70 1166 143 1218 illud
154 1167 266 1235 expedi:
281 1164 354 1219 unde
365 1167 407 1230 iit,
415 1164 491 1234 quod
501 1165 572 1218 alius
581 1165 637 1217 alio
649 1165 769 1232 celerius
775 1161 877 1216 intelli·

72 1233 133 1304 git,
144 1248 177 1286 ac
187 1236 314 1284 tenacius
325 1235 472 1286 meminitt
493 1236 564 1286 alius
576 1235 633 1285 alio
644 1235 726 1287 citius
736 1235 877 1294 irascitur,
939 1234 940 1237 ’
991 1245 994 1250 ·

34 1351 48 1368 ,
72 1309 123 1356 aut
144 1301 317 1355 moderatius
338 1302 414 1354 oditi
437 1317 483 1354 rs.
503 1301 551 1354 Sic
567 1303 694 1359 conditus
705 1309 748 1356 est
757 1304 877 1355 animus.

1 1381 2 1385 ’
72 1368 405 1434 Ευ.,ΝοιιείοεΙα1>ει’ἱε.’
431 1369 511 1422 Unde
523 1372 567 1435 tit,
586 1377 618 1422 ut
628 1372 677 1439 qui
687 1372 764 1440 prius
774 1371 828 1428 fuit
838 1370 879 1419 in·
928 1428 931 1431 .

73 1441 158 1511 genio
181 1439 281 1503 celeri,
311 1439 392 1492 felici
411 1441 561 1504 memoria,
579 1447 678 1508 postea
691 1443 742 1494 fiat
761 1437 877 1492 oblivio·

1 1543 2 1549 =
73 1526 122 1574 sus
143 1524 176 1561 ac
191 1508 303 1571 tardus,
325 1509 384 1561 sive
403 1508 501 1577 plaga,
522 1512 581 1562 sive
591 1525 678 1574 rcursu,
701 1511 760 1562 sire
771 1508 878 1568 morbo,
956 1509 961 1512 ’
1005 1504 1035 1580 'r

74 1580 135 1648 sive
146 1578 245 1632 sentos
266 1593 311 1630 ri.
333 1579 377 1630 Tu
386 1594 459 1646 nuuc
468 1578 537 1630 mihi
549 1579 643 1632 videre
653 1577 806 1646 sophistam
816 1591 880 1646 age·

74 1663 114 1702 re.
150 1663 197 1702 su.
218 1647 302 1700 Proin
317 1653 348 1700 tu
363 1654 462 1701 contra
476 1647 603 1716 lacagas
617 1647 806 1716 sophistriam.
835 1661 878 1698 ri.
916 1676 920 1678 -

76 1718 183 1786 Opinor
193 1717 246 1770 hoc
256 1724 285 1770 te
296 1716 487 1782 verbodicere,
500 1719 573 1785 quod
584 1719 692 1770 animus
701 1716 880 1786 quemadmo-

76 1788 143 1840 dum
156 1787 245 1840 cernit
256 1792 284 1838 et
295 1786 374 1839 audit
383 1802 434 1855 per
445 1788 542 1840 oculos
554 1793 583 1840 et
593 1804 675 1841 aures
686 1825 695 1854 ,
724 1787 765 1840 ita
776 1801 825 1853 per
836 1801 880 1837 or·
891 1829 893 1832 .

74 1871 150 1929 gana
161 1853 296 1922 quaedam
307 1855 456 1924 intelligit,
477 1858 617 1923 meminit,
637 1863 726 1922 amat,
739 1855 817 1922 odit,
825 1855 879 1906 ira·

74 1926 163 1979 scitur
174 1929 203 1975 et
214 1921 354 1988 placatur.
384 1938 431 1976 uu.
451 1925 537 1978 Recte
549 1927 699 1980 coniectas.
734 1941 781 1978 rs.
802 1927 879 1987 Quae

9 2016 12 2023 ·
74 1993 190 2048 tandem
202 1997 265 2042 sunt
275 1991 333 2042 ista
344 1991 467 2058 organal
493 1999 522 2045 et
537 1995 675 2052 ubisunti
707 2009 754 2047 uu.
774 1993 879 2044 Oculos

74 2064 200 2118 ubisunt
211 2061 298 2114 rides.
320 2073 365 2111 ru.
385 2061 422 2112 Et
436 2074 528 2122 aures,
549 2067 579 2128 et
595 2077 690 2123 nores,
711 2061 879 2126 etpalatum

74 2133 125 2186 ubi
135 2133 187 2194 sit,
209 2130 277 2182 scio.
295 2129 335 2180 Et
345 2132 412 2194 toto
417 2141 535 2196 corpore
546 2135 703 2182 contactum
715 2142 778 2180 esse
788 2126 880 2190 video,

1 2214 2 2220 ¹
74 2204 131 2255 nisi
142 2195 227 2270 quum
243 2203 341 2265 stupor
352 2204 472 2264 occupat
481 2199 643 2251 membrum.
662 2211 709 2250 uo.
728 2189 879 2264 Amputato

74 2272 155 2340 pede,
169 2277 263 2322 tamen
273 2267 406 2335 intelligit
417 2267 535 2318 animus.
554 2282 599 2320 ru.
610 2264 760 2334 intelligit3
781 2265 879 2318 itidem

76 2349 106 2395 et
117 2356 210 2392 manu.
231 2352 279 2390 uu.
296 2337 392 2403 Atqui
408 2335 598 2389 vehementem
609 2335 722 2406 plagam
733 2336 837 2402 accipit
847 2337 879 2387 in
981 2386 985 2392 ,

75 2417 186 2476 tempus
201 2405 313 2474 capitis,
336 2405 424 2458 autin
437 2405 613 2474 occipitium,
635 2405 756 2458 concidit
767 2411 878 2458 mortuo

77 2478 194 2539 similis,
214 2476 346 2543 omnique
358 2490 442 2529 sensu
452 2491 503 2527 suo
515 2482 604 2528 vacat.
622 2491 669 2528 rs.
688 2475 880 2542 lstucoliquo·

38 2596 41 2600 ,
73 2550 129 2602 ties
149 2545 216 2600 vidi.
244 2561 292 2598 uu.
308 2545 351 2598 Ex
360 2544 415 2597 hoc
425 2544 536 2613 colligis
546 2545 622 2598 intra
632 2547 755 2598 cranium
766 2560 828 2599 esse
837 2544 881 2594 in·

73 2619 220 2679 tellectus,
241 2615 394 2668 voluntatis
414 2631 448 2668 sc
467 2617 619 2668 memoriae
640 2631 759 2684 organa,
788 2613 879 2664 minus

76 2687 189 2758 quidem
199 2700 306 2752 crasso,
324 2700 406 2763 quam
416 2691 482 2739 sunt
491 2699 572 2740 aures
584 2691 612 2739 et
623 2685 712 2750 oculi,
724 2683 773 2740 sed
785 2689 879 2736 temen
