2160 3192
232 121 238 215 ᾗ
323 155 591 212 υινΕιιεοιιιΑ.
748 221 750 226 ,
817 150 883 218 uos*

6 283 8 288 ¹
63 259 307 330 expletur-venter.
338 273 392 312 «oo.
410 251 541 313 Proiecto
551 260 661 327 lautus,
672 269 704 314 ut
715 279 767 332 ego
777 263 870 336 mirer,

6 371 7 382 ,
61 329 131 382 illos
140 334 201 382 tam
213 327 260 378 rili
272 343 354 398 posse
366 331 492 396 accipere
505 329 640 397 hospites.
676 331 782 384 Rursus
793 349 871 401 pera·

6 411 7 466 j
65 405 113 450 cto
125 396 266 457 convivio,
277 397 378 465 lepidis
389 391 583 452 fabuliffalunt
595 399 792 464 hominemne
806 403 871 470 quid

62 468 183 533 ubrepat
194 465 291 518 taedii.
327 467 525 520 Mihiridebar
538 468 612 519 domi
627 484 699 530 esse,
719 487 774 522 non
794 487 871 539 pere·

62 548 122 605 gra
159 548 203 588 aa.
224 535 297 597 Quid
308 533 337 588 in
348 537 503 588 cubiculisl
529 551 576 603 aa.
594 539 656 590 lllic
667 553 801 604 nusquam
816 557 873 594 non

63 606 183 658 aderant
190 603 299 670 aliquot
306 604 425 672 puellae,
436 606 873 669 ridentes,laseivientes,lusitan·

5 693 6 708 ³
64 685 108 728 tes
118 693 126 726 r
138 676 213 726 ultro
224 677 374 742 rugabant,
394 675 419 725 si
431 675 496 742 quid
508 673 671 727 haberemus
683 677 802 726 restium
814 691 873 730 sor.-
941 731 945 741 ,

64 740 206 798 didarum:
227 744 428 806 easlarabant,
450 760 483 796 ac
502 746 576 796 lotas
597 744 761 797 reddebant.
798 741 873 807 Quid

64 815 162 864 multis
169 813 181 864 ‘l
202 812 278 866 Nihil
291 813 351 864 illic
361 815 480 880 vlrlimps
491 821 601 880 praeter
612 813 722 880 puellas
733 830 765 866 ac
775 814 875 866 mulie·

66 885 124 946 res,
137 883 190 932 nisi
203 885 229 932 iu
240 883 366 950 stabulo:
388 899 552 952 quamquam
564 891 592 934 et
604 881 657 934 huo
666 882 827 951 frequenter
837 882 874 936 ir.

63 953 228 1018 rumpebant
239 953 356 1019 puellae.
385 953 526 1004 Abeuntes
538 952 768 1019 complectuntur,
779 958 873 1020 tanto,-

63 1037 118 1090 que
130 1021 231 1073 affectu
241 1022 396 1083 dimittunt,
408 1037 441 1074 ae
451 1024 476 1073 si
486 1021 588 1072 fratres
599 1029 692 1072 essent
703 1037 799 1073 omnes
806 1058 814 1084 ,
825 1027 874 1076 aut

47 1100 51 1106 ’
62 1091 235 1161 propinquae
246 1091 429 1157 cognationis.
458 1106 504 1142 aa.
514 1089 652 1142 Fortassis
664 1091 711 1140 isti
724 1105 815 1144 mores
827 1091 874 1144 de·

64 1168 130 1212 estut
141 1159 254 1222 Gallam
270 1158 338 1210 ruilu
352 1161 440 1228 magis
451 1160 575 1211 arrident
588 1160 754 1214 Germaniae
769 1155 873 1226 mores,

3 1221 6 1286 l
65 1235 164 1295 utpute
180 1228 303 1280 nrasculi.
341 1245 388 1282 ou,
407 1227 480 1280 illibi
492 1244 632 1295 nunquam
645 1232 764 1298 contigit
774 1229 873 1289 ridere

3 1297 5 1308 “
64 1297 257 1350 Germaniam:
270 1305 393 1366 quarata
404 1313 516 1365 quaeso,
537 1315 570 1348 ne
580 1314 696 1364 gravere
708 1314 874 1350 comanente-

3 1369 5 1398 r
63 1383 137 1438 raro,
158 1369 255 1434 quibus
267 1367 357 1420 modis
368 1368 506 1436 accipiant
517 1366 664 1432 hospitem.
701 1384 746 1418 aa.
763 1369 803 1419 An
816 1367 874 1418 ubi·

2 1400 7 1499 l
68 1452 122 1506 que
133 1438 171 1488 sit
181 1439 277 1488 eadem
291 1438 430 1490 tractandi
441 1439 523 1498 ratio,
537 1438 644 1486 nescio:
656 1437 730 1503 quod
739 1449 794 1502 ego
806 1436 875 1500 vidi,

66 1509 200 1560 narrabo.
236 1505 436 1560 Aduenientem
451 1520 530 1558 uenio
542 1506 657 1567 salutat,
679 1522 714 1557 ne
725 1505 875 1562 rideantur

64 1577 171 1626 ambire
193 1573 341 1642 hospitem.
366 1576 491 1628 'lilenim
513 1575 656 1627 sordidum
679 1581 708 1626 et
733 1575 874 1626 abiectum

64 1646 236 1706 existimant,
249 1650 277 1696 et
290 1645 431 1714 iudignum
444 1646 611 1697 Germanica
621 1645 780 1696 severitate.
818 1641 875 1695 Ubi
953 1681 955 1688 ,

64 1713 342 1777 ‹liuiuolamareris,
366 1713 477 1766 tandem
498 1714 598 1780 aliquis
619 1728 669 1780 per
694 1712 874 1764 fenestellam

63 1784 203 1838 aestuarii
209 1789 285 1849 (nam
296 1784 324 1834 in
337 1784 380 1834 bis
392 1783 567 1854 dogurrtfere
578 1799 664 1848 usque
676 1782 709 1833 utl
721 1781 875 1833 solstitium

2 1900 3 1903 ,
62 1854 210 1915 aestivum)
223 1852 329 1920 profert
341 1861 435 1919 caput,
447 1868 500 1904 uon
513 1853 595 1904 aliter
606 1868 686 1918 quam
699 1859 795 1904 etesta
811 1866 874 1918 pro·
913 1853 923 1906 l

62 1921 276 1990 spicittestutlo.
291 1920 873 1989 lsrugamlusest,aulieeatlllicdiversari.

62 1992 92 2046 si
115 2008 172 2044 non
182 1993 290 2053 renuit,
311 1993 448 2061 intelligis
471 1993 533 2044 dari
553 1992 656 2043 loeurn.
694 1991 874 2060 Rogantibua

61 2064 109 2115 ubi
120 2064 156 2114 sit
167 2062 316 2124 stabulum,
337 2070 414 2114 nauta
426 2077 509 2114 mauu
519 2066 730 2112 courmonstrat.
766 2059 829 2110 lllie
841 2057 874 2108 lie

62 2137 108 2185 cet
133 2132 288 2185 tibituum
310 2147 409 2199 equum
432 2137 555 2182 tractare
576 2136 626 2180 tuo
649 2143 734 2180 more.
771 2124 875 2179 Nullus
912 2134 915 2151 ¹

61 2201 137 2254 enim
150 2200 271 2254 famulus
283 2217 392 2252 manum
405 2201 541 2253 admovet.
578 2197 607 2250 Si
621 2196 759 2247 celebrius
773 2202 816 2248 est
834 2195 875 2248 di·
951 2197 954 2212 ⁴

61 2270 227 2331 versarium,
237 2271 275 2321 ibi
283 2269 403 2322 iamrrlus
415 2271 616 2319 comnionstrat
627 2265 778 2326 stabulum,
789 2271 873 2334 atque

61 2341 147 2393 etiam
159 2339 333 2405 locumequo
349 2339 463 2389 minime
485 2334 671 2387 courmorlum.
708 2335 779 2386 Nam
801 2351 875 2388 eom·

2 2447 3 2470 2
59 2409 192 2461 modium
201 2417 313 2460 serrant
325 2406 461 2467 venturis,
478 2404 643 2471 praesertim
656 2405 804 2457 nobilibus.
841 2403 872 2456 Si

2 2517 3 2524 ,
60 2477 127 2545 quid
140 2480 292 2542 caessaris,
314 2477 409 2530 statim
422 2475 514 2526 autlis:
534 2474 564 2526 Si
575 2488 628 2524 nou
641 2474 746 2540 placet,
769 2489 872 2542 quaere

2 2570 3 2610 l
60 2540 137 2598 aliull
149 2547 343 2600 diversorium.
372 2548 496 2598 Foenum
506 2545 533 2594 in
546 2543 661 2595 urbibus
674 2560 758 2612 aegre
768 2559 801 2596 ue
810 2559 883 2610 perv,

2 2615 3 2677 ᾖ
60 2619 302 2683 pareepraebent,
320 2634 369 2670 nec
381 2617 468 2667 multo
491 2614 608 2666 minoris
628 2615 765 2676 vendunt,
788 2628 871 2681 quam

1 2707 5 2762 4
59 2685 289 2755 ipsamurenarn.
325 2687 378 2756 Ubi
389 2685 600 2742 consultumest
609 2699 694 2754 equo,
711 2691 788 2738 totus
799 2695 872 2734 com·
