2150 3198
197 113 233 202 ss
363 111 845 203 vauranc1roamucan.

201 251 295 304 orbes.
315 250 399 304 Tolle
410 253 645 313 cultrummeum',
657 253 705 319 qui
716 249 792 302 homi
804 247 918 303 decidit.
945 247 1017 303 Pina

191 319 271 378 rino
282 320 426 388 perfunde.
445 321 553 374 Adsunt
564 337 643 374 mora
654 335 826 389 praecoqua,
837 321 923 372 etiam
934 317 1016 372 domi

202 397 317 442 nostrae
330 395 404 443 nata.
436 405 478 444 co.
501 391 847 461 Tantoeruntsuariola‚
867 389 1015 456 quadres

202 461 311 511 nacula.
333 473 380 511 crr.
400 461 444 512 En
456 475 548 527 pruna
558 476 652 524 aerea,
674 475 707 512 en
720 456 1016 521 Damascenansru‘n

1064 109 1066 166 l

204 528 279 594 apud
291 544 342 580 nos
352 531 553 598 spectaculum.
581 531 624 582 lin
636 529 717 581 mitia
727 529 812 582 mala.
835 529 877 578 En
889 528 1019 580 malina·
1065 585 1066 588 ,

202 613 266 649 rum
278 614 383 668 genus,
404 599 484 652 cuius
496 606 615 652 matrem
627 613 680 668 ego
691 598 767 657 hisce
777 598 906 649 manibus
920 605 1023 648 mnae·

252 667 340 720 Nuces
350 674 511 732 castaneae,
522 682 604 722 omne
616 669 789 730 deliciarum,
801 683 868 734 quas
880 664 956 716 horti
967 681 1016 736 no-

204 746 232 789 st
249 737 383 804 'benigne
393 736 896 807 effundunegsnusncn.Sedlloseuli
905 733 1016 788 desueta

204 821 251 860 err.
281 807 332 859 lsli
345 807 449 860 Gallici
459 813 526 858 sunt
537 813 701 871 apparatus,
720 799 1016 872 qai'magnificentiam

205 891 265 929 eam
278 876 454 944 potissimum
465 881 574 935 amant,
594 889 665 941 quae
677 872 791 925 minimo
803 879 923 924 constet.
958 873 1016 925 Na·
1062 913 1063 918 η

203 947 248 1000 bis
261 961 317 997 non
330 953 374 998 est
383 943 715 1011 eumensaaticgenium.
726 959 790 995 auc.
799 942 1015 1009 NonapudGol·

203 1015 248 1066 los
259 1017 370 1064 tantam
382 1013 522 1079 reperies,
532 1013 631 1079 quibus
642 1027 676 1063 ea
686 1011 807 1078 placent,
819 1013 1014 1078 quaeminlmo

113 1087 119 1097 ’
168 1085 172 1090 “
202 1087 342 1136 constant.
364 1096 411 1132 crr.
422 1080 477 1133 Sed
489 1080 604 1144 heusta,
615 1082 781 1150 tegumine,
792 1095 857 1132 num
869 1088 901 1132 tu
913 1082 1013 1147 credis,

201 1159 232 1204 te
243 1150 289 1202 lrie
299 1152 448 1201 immunem
460 1150 585 1202 bibisse!
612 1151 708 1218 Egone
728 1159 758 1218 te
773 1148 845 1202 meis
860 1151 1013 1204 immunem

202 1219 317 1273 tinxero
330 1218 459 1338 peculisi
478 1221 514 1271 At
524 1219 637 1271 interim
651 1220 828 1286 propinatori
840 1225 889 1270 tuo
902 1219 1013 1272 dimidi-

202 1304 250 1340 um
262 1303 331 1358 soyp
351 1289 471 1348 idebes„
483 1303 548 1341 luc.
557 1290 583 1340 ls
593 1290 753 1340 iamdudum
765 1289 930 1342 memissum
938 1290 1012 1342 fecit.

202 1360 230 1410 ls
242 1357 308 1410 mihi
319 1357 402 1411 huius
413 1358 502 1411 debiti
511 1359 632 1426 gratiam
645 1359 721 1411 feeit.
742 1373 788 1410 car.
810 1359 887 1411 Unde
897 1360 947 1410 ille
956 1359 1012 1412 sibi

203 1429 334 1482 vendicet
343 1435 452 1481 lantum
464 1429 657 1480 auctoritatisl
667 1427 722 1480 Vix
733 1427 872 1482 Romanoa
883 1430 1011 1496 pontifex

202 1496 256 1550 lroc
263 1498 364 1550 vinculi
372 1500 487 1550 relaxet.
496 1499 576 1550 Nosti
585 1499 702 1564 priscam
710 1498 900 1550 conviviorum
911 1500 1011 1567 legem,

196 1564 240 1615 Ἢ
247 1568 318 1625 πῖθι,
330 1565 346 1628 ἢ
358 1565 448 1618 ἄπιθι.
459 1581 523 1618 nuc.
538 1568 708 1620 llemittendi
719 1567 901 1620 iurisiurandi
912 1569 954 1620 ius
965 1568 1012 1620 ha·

200 1635 262 1696 bet,
274 1635 318 1685 cui
331 1633 434 1686 factum
446 1631 497 1697 est,
508 1637 623 1688 etcuius
632 1642 772 1690 intererat
781 1638 894 1689 serrari.
902 1636 1011 1692 erasmi

122 1725 124 1731 ’
201 1705 325 1756 omnium
339 1705 519 1756 convivarum
530 1708 663 1770 interest,
692 1707 796 1758 cervari
808 1707 885 1774 leges
896 1708 1012 1760 inviola-

199 1774 281 1826 biles.
314 1789 377 1827 suc.
399 1773 473 1842 Age,
493 1775 604 1842 quando
617 1774 687 1828 hacc
699 1782 743 1828 est
754 1776 959 1828 Germanorum
970 1791 1013 1828 re·

198 1843 285 1910 ligio,
305 1844 477 1906 exsorbebo,
498 1844 572 1912 quod
584 1845 722 1912 reliquum
736 1850 787 1896 est.
813 1845 869 1898 Sed
880 1846 948 1911 quid
959 1847 1013 1898 tibi
1067 1861 1068 1868 ¹

200 1913 363 1964 reimerum
377 1912 437 1964 esti
458 1928 505 1964 ιιι.
517 1914 688 1980 impendium
700 1913 805 1966 reddas
817 1921 929 1981 oportet
938 1931 1012 1968 unus

200 1982 457 2034 nominecmnium.
478 1983 743 2050 Quidexpalluistil
764 1983 929 2050 Neverere3
948 2001 1012 2054 per·

200 2051 286 2104 facilc
302 2051 417 2120 poteris.
448 2053 521 2116 Fac,
541 2054 618 2120 quod
632 2067 718 2121 saepe
737 2053 845 2116 iecisti,
863 2060 896 2106 ut
915 2057 1014 2124 aliqua

96 2151 98 2157 f
201 2121 346 2190 elegantia
361 2121 501 2174 doctiores
517 2138 534 2174 a
550 2138 638 2175 coeno
648 2137 810 2192 surgamusr
829 2127 1014 2192 nequeenim

199 2192 273 2243 alam
284 2197 313 2243 te
323 2198 381 2254 est,
402 2199 511 2244 veteres
522 2192 588 2244 illos
600 2192 629 2243 in
640 2193 769 2246 secundis
780 2194 883 2246 mensis
897 2191 1013 2260 hilerim

173 2289 178 2301 =
200 2275 235 2312 ru
244 2259 381 2326 quaedam
393 2262 538 2329 disputare
551 2263 660 2314 solitos.
678 2264 736 2330 lige
747 2263 846 2331 igiturs
869 2265 971 2331 quibus
982 2269 1014 2316 et

103 2319 112 2336 '
129 2360 132 2366 ,
201 2337 270 2398 quot
285 2331 375 2382 modis
391 2329 460 2384 haec
476 2333 568 2384 oratio
578 2338 674 2400 potest
684 2331 840 2396 enuntiari,
861 2333 1012 2403 iudignum

199 2397 316 2452 auditui

388 2457 535 2538 Indignum
554 2471 669 2534 auditur,
684 2471 819 2543 formula.

253 2553 318 2591 auo.
330 2537 407 2592 Dixti
420 2537 536 2606 pulchre
546 2557 596 2608 per
607 2542 746 2609 posterius
758 2539 896 2606 supinum
907 2541 1015 2594 Audito

202 2605 319 2662 minime
336 2615 379 2660 est
391 2610 513 2674 dignum.
535 2609 682 2678 indignum
696 2617 739 2662 est
750 2609 850 2661 aurliri.
872 2611 963 2662 Haud
971 2611 1015 2662 di·

200 2693 286 2748 gnum
298 2685 356 2742 est,
374 2673 449 2745 ‹juod
464 2678 603 2732 audiatur.
638 2679 705 2742 Est,
723 2686 755 2730 ut
770 2678 919 2745 audiatur3
941 2679 1013 2732 indi·
