2132 3196
150 273 153 282 ,
215 219 251 274 a
426 192 585 272 rraras'
602 214 815 274 anamais:

216 317 333 392 gratiis,
349 312 378 370 'ai
398 317 465 386 quid
484 322 580 380 vacat,
601 317 666 369 lusu
681 315 812 384 quopiam
827 312 1028 368 lioncstolaxo

217 393 339 444 animum
352 401 415 440 oum
425 387 578 452 sodalibus,
584 385 673 440 donec
685 385 755 439 hora
765 391 879 438 revocat
889 387 918 436 in
928 385 1025 437 ludum

214 459 315 513 alusu.
335 473 382 511 aa.
403 461 441 510 Ac
454 473 567 511 rursum
577 457 720 511 salutatur
730 455 826 509 lesus!
852 469 894 506 us.
913 453 1025 509 Saluta·

214 536 275 594 tur,
295 529 320 580 si
329 527 505 580 commodum
516 535 568 580 ast.
605 527 652 580 Sin
668 532 723 588 ost,
746 541 796 578 cur
808 531 921 577 autnon
932 531 1025 587 vacat,

213 595 1025 667 autnonsittcnrpestivum=tamcnpraeterienstomplum,

215 669 437 736 cogitatianeula
456 670 560 720 saluto.
596 666 704 720 Rursus
719 667 824 718 inludo
836 667 905 717 totis
917 665 1026 733 viribus
1038 682 1046 690 “

215 737 269 790 hoc
280 739 386 806 agitur,
408 738 486 806 quod
494 738 573 790 locus
585 738 719 804 postulat.
754 735 876 787 Domum
888 749 1026 798 reversus,

215 809 290 861 idem
306 823 378 876 ago,
399 808 473 874 quod
488 820 553 860 ante
569 807 725 875 prandium.
760 807 784 856 Α
795 821 882 857 coena
892 803 1026 856 suavibus

165 928 168 932 .
216 879 318 932 fabulis
330 883 433 930 memet
445 879 569 931 oblecto:
588 889 654 927 mox
667 889 830 944 prosperam
841 881 949 926 noctem
965 887 1028 941 pre-

216 955 294 1000 catus
306 948 468 1015 parentibus
480 963 514 999 ac
524 946 665 1008 familiae,
687 951 797 997 maturo
808 944 978 997 moconfero
989 942 1026 995 ad

215 1018 324 1070 nidums
346 1018 404 1069 illio
415 1017 494 1075 flexis
507 1025 571 1069 ante
582 1017 685 1068 lectum
703 1015 833 1081 genibus,
850 1029 974 1076 mecum,
992 1018 1030 1063 ut

217 1089 290 1148 dixi,
311 1093 425 1152 reputo,
446 1090 547 1154 quihus
558 1087 658 1138 studiis
669 1087 694 1137 is
706 1086 765 1142 dies
777 1091 905 1150 peractus
916 1085 963 1134 sit.
995 1080 1028 1134 Si

217 1156 284 1224 quid
295 1162 340 1207 est
351 1159 489 1224 gravioris
505 1157 631 1219 admissi,
653 1154 757 1206 Christi
778 1155 954 1206 elenrcntiam
975 1152 1030 1204 im·

216 1226 313 1295 ploro,
335 1233 366 1276 ut
386 1227 530 1296 ignoscat,
549 1227 741 1293 polliceorque
755 1224 886 1277 meliora:
910 1225 933 1274 si
952 1220 1028 1274 nihil

218 1301 277 1357 est,
297 1309 349 1362 ago
361 1297 466 1362 gratias
477 1298 554 1348 illius
566 1295 783 1358 beneficantiae,
794 1295 867 1362 quod
879 1309 922 1346 me
932 1305 1027 1344 sarva·

203 1367 257 1417 ‚rit
266 1365 301 1415 ab
313 1367 389 1417 omnl
400 1367 479 1418 vitio.
503 1367 613 1418 Deinde
624 1380 667 1417 mc
679 1371 768 1416 totum
778 1365 825 1415 illi
836 1371 897 1415 toto
908 1369 1029 1430 pectora
1062 1361 1063 1368 ’

218 1436 390 1499 commendo,
398 1436 774 1505 utmcprotcgatabinsidiis
786 1435 853 1486 mali
865 1434 1028 1502 genii,etab

218 1506 364 1557 obscoenis
371 1508 496 1558 somniis.
508 1507 659 1570 llisfactis,
671 1507 772 1558 lectum
784 1507 934 1573 ingressus,
946 1501 1026 1556 froa-

216 1586 274 1628 tam
287 1590 319 1625 ao
330 1582 425 1642 pectus
438 1577 517 1644 signo
528 1579 617 1627 crucis
631 1576 768 1643 imagine,
789 1589 876 1627 acme
889 1587 1026 1641 compono

185 1649 191 1656 “
216 1645 253 1698 ad
261 1652 399 1696 somnum.
435 1660 482 1698 sn.
501 1645 563 1708 Quo
575 1651 655 1713 pacto
671 1652 700 1698 te
712 1644 871 1713 conrponisi
906 1660 948 1695 on.
968 1643 1029 1696 Neo

216 1726 322 1782 pronus
333 1716 413 1779 cubo,
428 1729 480 1768 ncc
491 1716 621 1782 supinus,
641 1717 690 1768 scd
700 1719 820 1784 primum
831 1716 912 1766 lateri
926 1714 1029 1766 dextro

183 1781 191 1792 '
216 1785 355 1849 innitens,
381 1785 502 1840 brachiis
522 1787 563 1838 ita
583 1789 764 1838 transversim
784 1801 834 1838 seu
855 1785 1030 1836 decussatim

218 1854 405 1920 complicatis,
420 1862 452 1907 ut
463 1858 700 1924 peetusmuniant
711 1855 915 1922 ligura'erucis,
927 1854 1032 1906 dextra
1060 1901 1061 1906 ,

127 1931 132 1934 ’
217 1937 303 1975 manu
314 1924 426 1978 sinistro
437 1928 551 1980 admota
562 1925 689 1989 humero,
699 1927 779 1977 laeva
790 1923 954 1977 dextralia
965 1924 1032 1976 dor·

217 1995 275 2045 mio
286 1997 426 2056 suaviter,
448 1998 537 2048 donce
546 2002 595 2047 aut
606 1997 785 2064 expergiscar
796 1996 872 2063 ipsc,
893 2000 944 2046 aut
954 1993 1031 2046 exci-

217 2069 271 2116 tor.
293 2075 340 2116 aa.
363 2065 512 2120 sanctulus
523 2081 562 2127 es,
584 2064 630 2131 qui
642 2066 697 2116 ista
709 2067 808 2131 possis.
829 2080 872 2116 oa.
887 2063 948 2115 lmo
959 2064 1032 2116 stul·

217 2134 293 2186 mlus
314 2147 356 2198 os,
376 2136 425 2204 qui
440 2134 494 2187 ista
515 2135 600 2187 dicas.
625 2147 673 2187 aa.
695 2135 794 2187 Laudo
806 2134 983 2198 institutum,
1005 2133 1032 2186 si

218 2215 317 2273 queam
330 2205 450 2272 assequi.
473 2220 517 2256 os.
534 2203 612 2257 Velis
622 2205 825 2256 tantummodo.
844 2203 914 2254 Nam
925 2205 975 2256 ubi
987 2218 1031 2256 as·-

217 2274 486 2341 suoverispauculos
498 2288 622 2338 menses,
645 2280 728 2326 crunt
740 2273 810 2326 haec
821 2275 906 2324 etiam
917 2274 1033 2338 suarim

217 2341 290 2395 adeo
301 2349 447 2396 vertantur
457 2345 485 2394 in
497 2351 634 2396 naturam.
670 2358 717 2394 aa,
741 2343 796 2400 Sed
812 2342 881 2394 nihil
895 2342 983 2395 audio
996 2343 1033 2395 de

217 2411 314 2463 sacris.
335 2427 378 2465 os.
390 2413 449 2466 Neo
458 2411 511 2465 hac
521 2420 602 2481 parto
613 2413 681 2466 milri
692 2413 799 2476 desurn,
813 2411 909 2464 dicbus
920 2413 1033 2478 praeol·
1058 2467 1060 2470 ,

216 2493 271 2548 pue
282 2478 372 2533 iestis.
391 2495 439 2533 aa.
450 2484 481 2534 ln
492 2480 535 2534 his
546 2483 686 2552 quomodo
697 2488 727 2536 te
737 2482 831 2551 geris!
848 2497 890 2533 on.
902 2481 1033 2534 Primum

38 2590 40 2599 Α
120 2597 127 2612 ,
216 2551 339 2602 omnium
350 2551 461 2604 excutio
473 2555 631 2619 meipsum,
652 2569 717 2606 num
729 2569 784 2622 qua
794 2554 856 2605 labe
868 2556 981 2619 peceati
993 2555 1036 2606 sit
1058 2569 1060 2589 ⁵

215 2618 324 2672 animus
336 2623 547 2675 contaminatus.
560 2623 607 2675 aa.
617 2624 647 2675 ld
658 2624 683 2673 si
693 2625 857 2692 comperias,
869 2622 937 2690 quid
948 2620 1037 2676 turni

216 2687 350 2742 subducis
360 2697 388 2743 tc
398 2693 433 2744 ab
444 2691 543 2742 altarii
563 2707 606 2745 os.
627 2692 807 2761 Nequaquam
818 2707 952 2760 corpore,
981 2690 1035 2746 aad
1057 2733 1059 2778 3

215 2761 309 2814 animo
320 2775 365 2816 mc
376 2763 541 2823 submoveo,
558 2775 590 2815 ac
598 2761 689 2816 veluti
698 2764 799 2830 procul
808 2770 898 2829 stans,
910 2779 965 2818 noo
984 2777 1034 2817 aa·

1054 3001 1058 3090 l
