2150 3198
328 239 626 300 MIZOI'AMOZ:
824 205 896 300 ibi¹

71 357 139 396 num
161 341 298 396 decimum
320 344 476 410 septimum,
497 359 558 398 sese
578 325 818 415 obtemperaturos
828 365 876 402 ro·
951 369 952 372 ¹
1070 371 1071 374 ¹

71 413 178 466 luntati
199 427 291 475 meae,
330 413 354 462 si
364 413 456 484 ¹niodo
480 420 539 465 tum
564 414 640 466 idem
659 421 799 480 perstaret
819 420 876 470 ani·
969 477 971 480 ¹

2 494 3 504 ¹
62 499 142 536 mus.
163 481 250 550 Venit
261 483 392 544 isarnus,
413 482 592 535 maeotidem
609 487 725 552 animus,
745 494 876 552 parentes

72 559 168 604 tamen
180 559 279 604 contra
291 552 456 618 promissum
468 559 638 620 pernegantt
658 553 712 604 hoe
729 563 783 618 est,
805 558 879 624 qued
935 555 938 560 ’

72 623 226 694 discruciat
243 625 364 672 animum
387 638 488 674 meum.
518 625 618 691 Aperui
634 625 761 676 morbum
777 641 878 676 meum:
964 625 973 632 ⁴

2 707 3 712 ¹
70 699 103 744 tu
115 709 189 753 nunc
199 692 338 743 medicum
348 707 419 758 age,
438 695 461 742 si
482 693 547 759 quid
563 699 652 760 potes.
671 729 672 732 =
688 708 735 745 Ευ.
757 693 878 745 Primum
906 749 914 753 ,

2 795 6 814 ;
71 761 143 812 illud
165 761 238 812 dabo
259 761 425 825 eonsilium,
452 765 620 816 suavissima
638 764 739 832 virgo,
772 773 805 814 ut
824 780 880 816 rno-

2 847 3 894 ς
72 831 181 883 dereris
191 830 337 881 affectibus
346 835 418 894 tuis,
441 839 470 883 et
481 836 505 883 si
516 832 544 883 id
558 848 613 885 non
627 835 783 901 continget,
807 832 880 901 quod

2 903 3 908 ’
72 903 129 960 vis,
148 895 451 966 idvelis'quodp'ossis‘.
483 915 530 958 ,cn
552 902 696 966 Emoriar,
719 904 786 966 nisi,
806 903 879 968 quod
950 887 959 908 '

2 981 4 1026 ζ
74 971 158 1030 rolo,
178 984 318 1036 assequar.
346 982 392 1024 uu,
413 969 450 1019 Et
464 971 539 1020 unde
550 973 654 1038 cepisti
666 975 752 1026 istum
763 972 878 1024 fatalem
945 1007 952 1021 ,

74 1038 206 1090 affectum
217 1039 232 1090 l
265 1053 306 1100 ca.
329 1039 401 1089 Olim
419 1038 568 1092 admodum
578 1042 675 1108 puella
688 1041 770 1094 «loreto
780 1058 840 1092 sum
852 1042 880 1093 in

73 1107 216 1179 quoddam
239 1110 377 1174 virginum
395 1107 551 1177 collegium.
591 1113 881 1174 Cir-cunrducebamur,

2 1193 3 1232 3
75 1177 298 1230 ostendebantur
318 1180 421 1230 omnia:
445 1179 594 1245 placebant
613 1184 737 1250 uirgines
757 1182 880 1234 vultibus

2 1309 3 1320 γ
73 1247 244 1310 nitentibus,
259 1247 424 1300 videbantur
435 1249 564 1315 angelate:
593 1251 621 1302 in
634 1253 741 1318 templo
753 1253 880 1303 nitebant

2 1357 3 1370 2
64 1319 178 1388 v(arania,
190 1323 273 1384 atque
284 1319 367 1370 etiam
379 1317 549 1385 fragrabant,
560 1321 688 1372 nitebant
702 1321 776 1371 horti
784 1321 881 1385 cultis-

74 1389 147 1440 simi.
169 1387 367 1449 Qoidmultisi
387 1387 458 1438 nihil
473 1404 525 1439 non
538 1388 696 1450 arridebat,
716 1403 879 1455 quocunque

74 1457 220 1510 vertebam
243 1457 346 1508 oculos:
381 1458 557 1510 Accedebant
573 1459 607 1510 ad
619 1456 686 1520 haee
698 1457 880 1508 blandissima

74 1526 215 1593 virginum
226 1517 375 1593 colloquia}
389 1527 476 1592 ¹Unstm
489 1533 572 1596 atquc
582 1528 699 1580 alteram
711 1527 768 1578 illie
779 1525 881 1591 reperi,

76 1599 188 1665 quicum
201 1595 267 1652 olim
278 1597 416 1652 infantula
429 1598 544 1650 lusitane
556 1599 694 1650 consuevi.
714 1597 757 1648 Ex
768 1611 801 1648 cu
813 1604 882 1647 tem·
917 1629 924 1636 -

74 1665 144 1734 pure
158 1667 251 1732 coepit
266 1671 373 1717 animus
385 1667 485 1720 ardere
496 1669 555 1719 eius
567 1670 641 1720 vitae
653 1665 798 1719 ‹losiderlo
834 1677 882 1716 uu.
916 1668 917 1676 ’

73 1736 141 1788 Non
162 1751 223 1787 sum
243 1736 450 1805 improbaturus
466 1753 607 1789 sacrarum
624 1739 762 1802 virginum
773 1734 882 1792 institu·
962 1767 964 1772 κ

2 1841 3 1862 t
73 1813 150 1859 turn:
163 1820 328 1872 quamquam
341 1821 396 1858 nen
410 1807 503 1858 omnia
514 1807 671 1858 conducunt
682 1806 820 1857 omnibus:
832 1802 883 1856 sed

2 1894 3 1934 1
74 1875 227 1940 habitatui
238 1875 314 1942 genii
326 1878 461 1947 ratione,
478 1891 557 1943 quem
568 1875 639 1928 mihi
648 1875 747 1927 videor
757 1889 791 1926 ex
802 1875 881 1927 vultu

2 1971 3 1974 ¹
74 1946 256 2011 moribusque
267 1947 322 1996 tuis
334 1945 496 2013 collegisse,
515 1947 664 2008 suaserim,
682 1951 715 1996 ut
728 1947 816 1997 nubas
826 1960 882 1996 ma·

74 2015 134 2068 rito
149 2016 194 2066 tui
204 2015 298 2077 simili,
315 2021 438 2082 tuaeque
450 2015 526 2066 domi
542 2031 642 2068 norum
656 2016 788 2072 instituas
799 2012 883 2064 colle·
947 2053 954 2058 .

2 2143 3 2148 ,
74 2086 170 2154 giam,
192 2086 402 2136 cuiusmaritns
414 2091 610 2155 agatpatrem‚
629 2091 662 2135 tn
681 2089 809 2141 matrem,
841 2095 882 2132 cr.

74 2156 210 2207 Emoriar
229 2153 324 2218 citius,
343 2169 426 2222 quarn
442 2155 612 2222 virginitatis
622 2152 794 2218 propositum
807 2148 884 2201 dese·

2 2275 3 2288 2
69 2241 148 2277 ¹raam.
177 2238 225 2275 uu.
247 2225 301 2276 Res
313 2229 355 2275 est
365 2225 482 2291 egregia
492 2225 648 2290 virginitas,
660 2223 682 2270 si
694 2235 765 2285 pura
773 2219 822 2276 sit:
834 2217 884 2271 sed

75 2293 151 2346 nihil
171 2309 285 2345 necesse
301 2300 355 2356 est,
374 2299 409 2344 ue
426 2293 477 2343 bac
488 2293 582 2360 gratia
593 2290 678 2342 dedas
691 2294 720 2341 tc
731 2291 759 2339 in
772 2287 884 2356 collegi·

2 2377 3 2380 ’
77 2379 142 2426 um,
161 2363 234 2414 unde
256 2378 312 2414 non
334 2363 425 2429 possis
440 2371 537 2430 postca
552 2361 643 2414 eximi.
662 2359 743 2411 Licet
754 2358 827 2426 apud
838 2375 885 2431 pa·

77 2440 174 2487 rentes
184 2431 370 2501 virginitatem
381 2433 457 2484 tueri
466 2434 551 2485 tuam.
564 2447 605 2485 ca.
616 2429 705 2494 Licet,
717 2437 747 2482 at
758 2445 813 2483 non
824 2443 884 2500 per-

2 2559 3 2566 ,
78 2503 146 2558 iude
156 2509 227 2556 tuto.
246 2517 293 2554 nu.
305 2503 376 2564 lmo,
385 2507 418 2553 ut
429 2517 480 2570 ego
490 2503 621 2565 arbitrer,
635 2500 777 2566 aliquanto
789 2499 884 2562 tutius,

81 2581 164 2644 quam
176 2573 248 2642 apud
260 2571 325 2623 illos
337 2586 460 2634 crassos,
477 2585 587 2637 semper
601 2571 663 2623 cibo
675 2569 814 2624 distentos
825 2583 883 2621 rno-

80 2643 195 2696 nacbos.
231 2641 291 2694 Nec
302 2643 374 2698 enirn
392 2641 511 2694 castrati
520 2647 598 2702 sunt,
618 2657 652 2692 ne
662 2645 695 2691 tu
705 2640 744 2690 sis
753 2640 884 2690 insciens.

80 2713 183 2767 Patres
192 2711 342 2774 vocantur,
362 2725 394 2761 ae
405 2709 567 2778 frequenter
578 2707 715 2771 efficiunt,
732 2715 764 2760 ut
776 2707 828 2759 hoc
837 2719 883 2756 no·
945 2714 946 2717 ’

81 2799 146 2837 men
158 2797 224 2834 rere
236 2786 377 2848 competat
387 2780 414 2830 in
423 2781 507 2848 ipses.
532 2779 605 2832 Olim
616 2791 751 2845 nusquam
762 2777 887 2842 uirgines

115 2854 206 2924 Eais.
228 2853 318 2906 Coun.
364 2859 367 2863 ’
444 2891 454 2909 ,
651 2847 676 2900 1.

1056 263 1067 360 l

968 229 975 238 ’
1070 237 1072 272 l
