2126 3188
155 192 161 198 ’
210 219 666 291 nsuraronrsunao.
737 240 739 248 ·
790 221 842 279 351

4 307 8 376 i
34 329 141 382 latura.
178 327 214 378 llt
233 334 418 396 mystagogus
440 333 574 395 tanquam
598 327 709 380 afflatus
728 330 842 385 numine

4 407 6 440 l
36 399 169 467 quopiam
179 431 187 459 ,
197 443 199 448 .
208 412 260 449 nos
274 398 386 449 intuens
399 398 490 448 oculis
508 399 697 462 stupentibus,
718 414 750 450 nc
764 401 843 454 vellit

4 497 12 532 1-
35 467 155 520 horrore
167 480 262 517 vocem
270 463 457 531 blasphemam
465 466 670 528 execrantibus,
681 467 754 527 Quia
763 482 843 534 opus,

3 567 4 570 =
35 537 140 604 inquit,
151 535 208 586 ista
219 535 410 602 percunctari,
422 549 506 600 quum
522 533 649 585 habeatis
660 535 782 586 tabulam
795 553 844 590 au·

35 604 207 660 theuticaml
244 605 281 656 lit
292 603 407 654 omnino
417 603 566 656 videbatur
577 619 628 653 nos
642 611 672 654 ut
685 603 843 657 haereticos

3 733 11 743 Ἴ.
36 676 195 736 eiecturns,
216 673 270 724 nisi
288 671 440 725 drachmae
456 672 623 725 ‹lelinissent
640 672 760 724 hominis
771 675 865 736 lero-A
928 707 933 726 .

37 745 120 797 ciam
157 756 205 796 sss.
219 741 294 804 Quid
310 757 361 794 ros
377 742 511 796 interimi
548 757 591 794 oa.
603 742 680 794 Nost
698 744 765 810 quid
782 759 844 796 cen·

36 814 102 867 sesi
137 811 200 864 Non
211 813 294 864 aliter
305 825 387 879 quam
399 811 475 866 laste
486 813 553 874 icti,
571 817 621 864 arrt
632 811 750 863 fulmine
763 813 843 877 tacti,

32 879 149 935 ¹nosmet
160 881 239 932 illinc
257 881 454 944 subduximus,
475 881 642 946 suppliciter
653 881 787 934 audaciae
798 897 843 935 ve·

36 953 113 1004 niam
125 953 307 1017 comprecati:
327 955 367 1004 sic
378 955 451 1004 enim
469 952 600 1002 convenit
608 951 637 1002 in
649 952 733 1004 rebus
744 955 842 1005 sacris.

2 1056 3 1070 n
35 1022 105 1074 lude
119 1019 323 1090 proficiscimur
342 1020 378 1069 ad
394 1017 564 1079 aediculam,
585 1017 738 1086 hospitium
758 1023 842 1076 divae

2 1137 3 1140 ,
34 1089 173 1156 Virginis.
210 1092 274 1142 ilua
289 1087 419 1140 euntibus
436 1090 528 1154 aperit
542 1103 605 1139 sese
620 1089 732 1156 quidam
751 1089 843 1144 hiero·
949 1132 955 1142 s

7 1221 18 1232 .
33 1159 142 1228 p'lranta
152 1173 186 1212 ex
195 1157 416 1210 illisMinoribus
426 1154 465 1220 *);
484 1159 689 1223 nosquereluti'
698 1164 840 1213 noscitans
920 1198 921 1202 ,
945 1194 964 1220 ,-

33 1232 174 1281 intueturs
186 1227 390 1296 aliquantulum
403 1228 556 1294 progressis
567 1230 691 1280 occurrit
703 1229 785 1292 alius,
796 1230 843 1282 iti·

35 1299 100 1351 (lem
113 1298 304 1363 contemplans
315 1311 378 1346 nos:
390 1302 456 1360 post
467 1297 552 1348 etiam
564 1298 676 1348 tertius.
713 1313 761 1348 aa.
773 1301 845 1350 For.

33 1377 114 1420 tasse
126 1368 276 1433 cupiebant
286 1371 314 1416 te
324 1366 450 1432 pingere.
486 1378 533 1413 oa.
543 1363 581 1413 At
593 1377 644 1430 ego
655 1364 739 1428 longe
752 1365 842 1417 direr-

34 1453 97 1489 sum
111 1436 281 1500 suspicabar.
338 1443 386 1482 su.
399 1430 472 1490 Quid
484 1431 575 1481 istuc!
613 1447 657 1482 oo.
665 1431 842 1500 Sacrilegum

33 1504 196 1576 quempiam
207 1500 363 1568 suppilasse
380 1496 508 1550 nonnihil
519 1500 662 1551 eumundo
674 1515 770 1554 sacrae
781 1503 845 1556 Vir·

33 1575 129 1644 ginis,
151 1576 180 1624 et
191 1573 219 1626 in
230 1585 275 1622 me
285 1568 473 1636 suspicionem
488 1571 624 1621 intentam
638 1585 707 1622 esse.
743 1569 842 1640 ltaque

34 1642 171 1698 sacellum
182 1639 324 1710 ingressus
341 1639 391 1689 tali
403 1638 611 1706 precatiuncula
621 1638 713 1691 saluto
723 1651 843 1698 matrem

35 1713 196 1780 Virginem:
216 1708 309 1762 Orcla
319 1707 507 1781 foeminarum
526 1708 642 1762 oninium
653 1713 844 1763 materetair.

32 1787 82 1852 go',
93 1789 184 1833 mater·
193 1779 373 1852 felicissima,
392 1777 471 1848 virgo
480 1777 632 1847 purissima
636 1797 648 1841 ;
665 1789 774 1832 nancte
789 1797 843 1849 pu·

34 1866 98 1904 ram
108 1849 213 1916 impari
221 1847 514 1911 sisimasnalatamas,
526 1849 675 1902 denarialis
687 1849 788 1903 nostris
800 1859 852 1903 at·'

2 1972 7 1978 ,
35 1933 142 1984 suaque
159 1918 283 1969 colimus:
310 1916 418 1968 atinam
435 1919 515 1971 donet
530 1919 608 1972 aclis
616 1919 699 1988 filias
714 1930 790 1983 taus,
810 1927 843 1974 at

34 1986 220 2043 sanctissimos
240 1996 300 2038 taos
320 2001 406 2038 mores
421 1986 724 2042 imitantermereamar
747 2001 774 2042 ct
794 2006 843 2043 nos

29 2074 86 2132 per
96 2054 212 2138 spiritus
221 2055 311 2109 saneti
317 2054 442 2124 gratiam
452 2057 637 2126 spiritualiter
648 2058 783 2110 danninum
796 2058 842 2108 le-

35 2143 97 2182 sam
108 2125 215 2179 mtimis
226 2124 313 2178 animi
320 2125 468 2180 visceribus
478 2127 628 2196 concipere,
639 2128 769 2192 semelque
779 2141 841 2178 can·

36 2205 146 2264 ceptam
155 2210 292 2262 nunquam
302 2193 439 2249 amittere.
476 2196 571 2266 Amen.
620 2195 765 2260 Simulque
777 2209 841 2247 exo·
870 2243 882 2253 ,

12 2279 15 2284 ·
35 2267 161 2319 sociatus
173 2278 249 2316 aram
257 2263 374 2330 deposui
387 2263 531 2320 drachmas
543 2267 659 2336 aliquot,
670 2273 698 2318 et
709 2264 774 2316 abii.
791 2277 840 2316 ns.
856 2273 859 2285 ’

34 2333 112 2398 Quid
130 2331 192 2385 licio
203 2333 311 2400 Virgol
345 2335 465 2389 Nullane
483 2342 553 2387 nutu
574 2337 650 2389 dedit
668 2335 776 2402 signum
794 2347 841 2383 au·
902 2375 905 2382 r

34 2405 114 2456 ditae
126 2404 370 2470 precatiunculael
405 2414 450 2460 oa.
462 2406 576 2470 ernren,
587 2412 620 2457 ut
631 2405 700 2467 dixi,
710 2411 773 2478 erat
783 2417 840 2454 nm-

33 2474 166 2544 liiguurn,
188 2479 216 2524 et
226 2473 276 2525 illa
288 2475 382 2526 stabat
398 2471 563 2532 intenebris
579 2476 614 2527 ad
625 2475 753 2528 dextrum
763 2472 850 2542 latus,

34 2543 143 2596 altaris.
180 2543 327 2596 Postremo
345 2559 389 2596 me
404 2545 445 2595 sic
464 2546 606 2598 deiecerat
621 2543 714 2598 oratio
732 2543 839 2612 prioris

61 2650 80 2692 'l
90 2645 259 2690 Franciscsnis.
289 2643 350 2688 Nam
359 2646 496 2690 Franciscus
504 2649 548 2690 iste
557 2662 610 2692 siros
626 2653 751 2692 sectatores
761 2643 840 2687 ‹livisit

32 2702 58 2803 iertr
66 2701 233 2803 {saiwats
247 2700 368 2751 Minores,
384 2702 465 2758 qulbus
472 2703 523 2758 ipse
533 2715 558 2748 se
567 2705 697 2790 assederit,
710 2700 837 2747 Clarissas,
