2160 3192
248 175 492 244 inuolsl'rlo
517 181 572 236 DE
599 181 708 238 Fine.
831 181 884 238 2³3

79 285 183 340 omnia.
230 298 277 334 nu.
301 284 356 334 cur
375 283 466 350 igitur
485 297 581 334 sacrae
603 283 701 338 literae
721 287 808 340 fllium
828 286 884 340 fru-
981 283 985 293 ‘

2 375 4 424 j
78 352 362 424 quentius'appellant
371 352 520 407 Dominum
534 367 614 417 quem
625 353 732 408 Deumt
753 374 797 410 un.
812 357 884 420 Quis

2 427 3 436 ’
63 425 155 477 ¹Deus
173 416 363 484 auctoritatis,
382 420 434 474 hoc
446 428 496 482 est,
517 421 688 488 principatus
711 432 753 477 est
773 442 883 493 nomen,

48 516 51 520 ·
79 509 149 561 quae
161 495 232 560 patri
244 493 392 559 praecipue
403 493 548 553 convenit,
566 494 612 558 qni
632 493 795 558 simpliciter
812 499 886 563 prin·

5 587 9 596 ·
79 566 181 631 cipium
195 569 238 614 est
248 561 369 612 omnium
376 598 385 623 ,
401 567 486 632 atquo
497 561 584 626 ipsius
594 562 678 612 etiam
690 563 803 615 deitatis
813 567 886 620 fons:

2 651 3 690 ;
78 633 218 685 Dominus
243 630 411 682 redemtoris
433 637 462 682 et
483 631 629 682 assertoris
647 632 812 684 uocabulum
834 640 886 688 est.

21 743 24 748 .
78 705 247 769 Quanquam
265 709 294 751 et
304 700 506 768 peterredemit
518 693 572 765 per¹
580 699 675 763 fliium,
687 707 715 753 ot
726 702 800 754 iilius
810 702 887 768 Deus
960 761 963 765 ,

78 779 131 834 est,
153 770 322 823 sedexDoo
334 776 419 837 patre.
456 769 538 820 Solus
559 777 651 824 autem
675 777 753 837 pater
772 787 789 823 a
809 772 887 824 nullo
923 825 929 834 ,

48 859 53 868 ·
79 849 132 905 est,
152 843 221 892 etin
233 841 359 906 personis
372 840 474 890 divinis
487 839 747 906 principem'lncum
769 840 895 892 obtinet

77 927 127 968 au,
148 911 225 978 Ergo
246 910 323 960 etin
347 909 408 960 lesu
429 909 552 959 colluces
573 915 648 960 tuam
670 909 817 978 fiduciam?
840 925 885 962 eru.

78 979 204 1042 Quidnit
215 982 261 1031 iu.
272 977 327 1030 Sed
337 977 478 1044 Propheta
488 977 666 1029 nraiedittum
680 977 755 1042 di'cit,
768 977 888 1045 qui'iidit

0 1068 1 1073 ¹
76 1050 110 1103 in
122 1048 242 1100 homine.
278 1062 323 1098 sn.
343 1047 398 1099 Sed
410 1048 529 1098 huicuni
542 1045 647 1098 homini
659 1046 725 1100 data
740 1054 783 1103 est
798 1050 888 1100 omnis

76 1119 241 1188 potestasin
250 1117 328 1168 coeio
341 1123 369 1170 et
380 1118 505 1169 interra:
518 1117 588 1167 utin
599 1117 710 1170 nomine
722 1119 781 1170 eius
792 1117 888 1169 flecta·

1 1236 2 1256 ,
77 1197 129 1242 tur
140 1203 221 1250 omne
236 1198 309 1254 genu
332 1187 504 1247 coelestium,
533 1189 716 1250 terrestrium,
738 1193 767 1241 et
786 1187 889 1239 inferu-

78 1273 153 1312 rum.
191 1258 353 1322 Quanquam
364 1272 415 1307 nec
426 1257 453 1306 in
470 1254 523 1306 hoc
540 1256 660 1309 fiduciae
677 1259 790 1325 speique
809 1269 889 1309 meae

79 1342 206 1389 sacram,
227 1334 258 1379 ut
274 1327 366 1388 aiunt,
389 1340 518 1377 ancoram
532 1326 660 1392 figerem,
679 1330 707 1377 ni
719 1327 794 1378 Deus
806 1333 888 1379 essct.

0 1392 1 1449 Ῐ
78 1412 129 1451 nu.
150 1397 275 1448 Curcum
294 1396 382 1446 tilium
404 1395 544 1461 appellati
564 1411 608 1444 ns.
622 1395 663 1446 Ne
685 1396 747 1461 quis
766 1396 889 1446 somniet

0 1476 1 1481 ’
80 1480 145 1520 esse
156 1471 321 1517 creaturam.
358 1480 404 1516 nu.
420 1466 477 1515 Cur
489 1463 617 1515 unicum?
636 1479 681 1514 sis.
701 1464 738 1514 Ut
750 1465 890 1517 disccrnat

79 1536 301 1587 naturaeiiiium
314 1549 332 1586 a
349 1521 416 1586 filiis
439 1534 597 1600 adoptivis,
618 1535 695 1585 cuius
717 1533 891 1602 cognominis
934 1583 937 1594 ,

80 1603 216 1657 honorem
229 1607 403 1658 nubisetiam
415 1605 548 1672 impertit,
569 1609 600 1655 ut
618 1603 756 1656 neminem
778 1608 891 1670 praeter

80 1673 158 1728 hunc
173 1675 259 1730 alium
282 1682 481 1748 exspectemus,
518 1690 563 1726 nn.
585 1676 640 1725 Cur
660 1689 732 1735 eum,
754 1674 800 1740 qui
813 1672 890 1723 Deus

25 1758 56 1806 ῃ*
80 1749 154 1806 erat,
176 1741 314 1796 hominem
329 1746 390 1796 lieri
411 1737 518 1796 voluitt
539 1759 584 1796 nn.
602 1734 639 1793 Ut
659 1742 785 1794 homines
805 1741 889 1794 homo
928 1791 931 1796 .

79 1813 280 1866 reconciliaret
290 1813 361 1864 Deo.
391 1831 436 1865 nu.
454 1814 552 1866 Credis
562 1819 725 1880 conceptum
739 1813 809 1863 citra
826 1809 890 1874 riri·

79 1882 140 1934 lem
151 1895 272 1945 operam,
293 1882 405 1944 opificio
417 1882 535 1949 Spiritus
555 1882 661 1944 Sancti,
682 1898 715 1934 nc
736 1887 832 1934 natum
853 1893 890 1932 ex

79 1947 361 2013 incorruptauirgine
369 1951 469 2012 Mario,
477 1953 510 2002 dc
522 1953 599 2006 illius
610 1953 769 2004 substantia
778 1955 889 2016 sumpto

20 2047 28 2060 κ
81 2017 203 2071 nrortali
223 2015 358 2082 corporet
381 2033 425 2070 ns,
444 2022 576 2074 Maxime.
614 2039 659 2074 nn.
678 2023 733 2072 Cur
752 2021 793 2071 sic
814 2018 891 2068 nasci

80 2085 192 2144 voluit?
213 2101 257 2137 sn.
269 2077 343 2147 Quii
353 2086 393 2138 sic
409 2087 525 2140 decebat
535 2091 613 2141 nasci
625 2090 730 2151 Dcum3
750 2089 791 2137 sic
810 2087 889 2138 dece·

81 2160 135 2212 but
155 2155 251 2228 nasci,
272 2152 319 2222 'qm
340 2161 451 2207 nostrae
472 2159 661 2224 conceptionis
682 2172 715 2208 uc
735 2153 894 2206 nativitatis
924 2213 926 2226 Ι

84 2225 183 2280 sordes
195 2225 362 2291 purificaret.
393 2226 521 2277 Hominis
536 2229 607 2278 tilius
620 2225 696 2277 nasci
707 2224 795 2274 voluit
806 2223 891 2285 Deus,
906 2279 911 2284 ,
966 2257 970 2267 -

1 2309 16 2362 ,¹
84 2301 118 2350 ut
130 2302 180 2346 n‘os
190 2297 217 2345 in
228 2295 307 2346 iilum
318 2301 494 2348 renascentes
506 2297 678 2348 efficeremur
690 2293 741 2343 iiiii
752 2291 813 2344 Dei.
843 2309 890 2346 nu.
913 2332 928 2347 .

86 2365 185 2418 Credis
196 2357 428 2415 illunr'versatum
439 2362 467 2412 in
478 2363 572 2425 terris,
593 2378 627 2413 ea
638 2365 757 2431 gessisse
776 2362 891 2413 miracu·

85 2434 124 2496 la,
145 2449 179 2486 oa
200 2433 339 2501 docuisse,
359 2447 428 2497 quac
443 2430 554 2499 prodita
569 2438 634 2482 sunt
654 2432 743 2484 literis
756 2431 893 2498 evarngcli·

88 2503 145 2555 cisi
166 2518 211 2556 un.
230 2502 338 2556 Certins
349 2517 431 2569 quarn
443 2508 472 2553 te
484 2503 567 2554 credo
579 2519 640 2554 csse
660 2501 808 2553 hominem.
844 2513 892 2553 su.

1 2599 2 2626 n
85 2571 150 2626 Non
170 2589 231 2624 sum
250 2572 376 2624 inversus
395 2572 565 2639 Apuleium),
585 2564 774 2639 ut'suspiceris
785 2572 893 2623 asinum

113 2676 134 2729 ⁰)
144 2674 256 2731 Apuleius
264 2675 332 2723 enim,
342 2679 367 2718 ut
375 2675 425 2728 ipse
432 2652 460 2717 dc
470 2663 494 2717 s'e
505 2675 578 2726 fingit,
589 2679 686 2718 mentem
695 2671 793 2716 hortinis
801 2672 893 2723 tegebat

1 2789 3 2794 y
82 2732 176 2782 umisa
185 2731 280 2788 specie,
298 2730 366 2788 quum
375 2732 422 2778 sint
430 2731 505 2782 multi.
519 2731 559 2788 qui
570 2733 610 2777 suh
618 2730 715 2778 humum
727 2729 804 2789 specis
814 2732 894 2780 tornet
922 2755 927 2762 ,
