2126 3188
184 164 187 169 ·
289 171 569 242 1111311111.
751 117 949 246 ·333

9 289 10 292 ’
35 288 101 326 cem.
129 288 175 326 ra.
198 273 271 337 Quid
280 275 304 326 si
315 278 432 344 angelus
441 277 614 345 immigraret
623 281 652 331 in
665 295 764 350 corpus
776 281 827 336 ho·

32 341 132 394 minist
161 357 208 394 nu.
219 345 323 412 Ageret
334 345 443 411 quidem
450 382 459 410 ,
480 347 530 398 sed
540 362 595 398 non
606 362 656 415 per
667 363 770 416 organa
780 367 827 404 na-

32 412 149 474 turalia,
169 427 220 470 nec
231 415 315 465 vitam
327 415 407 467 daret
423 416 546 482 corpori,
567 415 592 466 si
607 416 718 468 abesset
728 420 842 472 anima·

32 495 75 534 rs.
87 481 225 548 Habeone
233 483 290 534 iam
301 488 388 536 totam
401 485 509 537 animae
521 483 679 537 rationemi
708 498 756 537 su.
772 489 829 540 lin·

31 551 81 603 bes
92 550 307 604 Aristotelicam.
326 566 372 615 qn.
382 553 518 620 Equidem
531 555 624 620 accepi
636 553 772 606 celebrem
789 572 830 608 es·

33 635 62 671 se
83 619 291 686 philosophum
313 627 451 675 etvereor
468 639 503 675 ne
519 623 676 690 sapientum
692 625 832 678 centuriae
850 675 854 681 ‚

34 688 102 740 mihi
122 690 247 741 scribant
267 688 414 743 haereseos
436 691 540 754 dicam,
566 693 591 744 si
629 691 676 742 uid
697 691 833 760 refragor.

31 756 144 826 Alioqui
155 759 285 825 quidquid
298 758 389 812 adhuc
400 762 469 814 dixit
480 763 513 813 de
524 762 618 813 anima
643 761 754 824 ominis,
762 777 835 814 com·

33 827 104 894 petit
114 827 144 878 in
155 828 264 879 asinum
275 834 304 882 et
313 829 422 882 bovem.
432 831 544 884 culmo
555 831 585 882 in
594 832 757 884 scarabeum
769 845 835 898 qno·

34 913 88 964 quc
105 902 133 948 et
145 896 281 950 limacem.
317 913 361 952 rr.
381 899 456 961 Quid
466 900 553 968 igitur
563 901 679 952 interest
689 900 763 958 inter
773 901 831 950 ani·
922 930 926 935 -

33 981 105 1018 mam
115 966 199 1018 bovis
208 973 236 1020 et
249 966 386 1021 hominist
397 983 444 1020 nu.
458 968 513 1030 Qui
524 965 621 1020 dicunt
631 969 751 1020 arnimnm
764 968 835 1020 nihil

33 1034 112 1087 aliud
128 1049 206 1098 esse,
235 1050 320 1102 quam
334 1035 507 1087 harmoniam
517 1037 685 1103 qualitatum
698 1037 835 1104 corporis,

33 1105 192 1158 faterentur
203 1119 258 1156 non
265 1104 306 1156 ita
309 1107 428 1172 multum
435 1107 579 1171 interesse,
584 1104 833 1158 videlicetharmo·

15 1177 80 1232 ‚nia
90 1174 187 1226 soluta
202 1177 293 1240 perire
309 1175 415 1226 animas
425 1175 579 1242 utriusque.
601 1174 644 1228 Ne
655 1178 763 1228 ratione
775 1178 833 1243 qui-

35 1244 95 1296 dem
113 1240 298 1310 distinguitur
312 1243 392 1296 bovis
404 1243 438 1296 ab
448 1243 567 1296 hominis
577 1244 682 1310 anima,
701 1245 751 1298 scd
762 1245 835 1312 quod
931 1289 934 1295 .

34 1315 118 1366 boum
141 1313 233 1363 minus
252 1312 340 1378 sapit,
370 1328 453 1380 quam
476 1311 636 1376 hominum;
657 1307 835 1380 quemadmo·
917 1360 919 1376 ,

29 1385 99 1434 ‘dum
109 1381 207 1433 videre
218 1387 302 1434 estet
313 1381 451 1443 homines,
472 1382 520 1448 qui
529 1381 619 1434 minus
630 1383 743 1449 sapiunt
754 1397 837 1450 quam

34 1453 94 1506 bos.
116 1465 162 1503 rm.
172 1449 235 1502 Nae
244 1450 292 1502 isti
302 1449 433 1503 bubulam
446 1448 550 1510 habent
561 1456 693 1503 mentem.
720 1465 768 1503 au.
787 1453 836 1501 nt·

35 1528 132 1575 tamen
152 1519 224 1572 illud
245 1519 283 1575 ad
301 1526 331 1572 te
357 1520 492 1586 pertinet,
520 1520 595 1586 quod
617 1535 669 1587 pro
688 1517 839 1571 testudinis

37 1591 177 1659 qualitate
187 1589 357 1642 modulatior
368 1596 413 1642 est
423 1589 579 1642 harmonia.
606 1604 650 1641 rs.
662 1590 773 1642 Fateor.
791 1603 838 1642 ru.

38 1662 97 1714 Nec
105 1659 188 1727 parri
204 1659 301 1723 refert,
317 1675 351 1712 ex
362 1676 416 1726 quo
427 1659 507 1728 ligno
519 1673 607 1727 quove
618 1661 752 1726 figurarit
763 1658 841 1710 fasta

39 1728 161 1784 testudo.
180 1743 226 1780 rs.
237 1729 399 1784 Verisimile
412 1729 490 1781 dicis.
506 1741 558 1782 ru.
575 1731 634 1792 Nec
644 1743 679 1780 ex
692 1726 841 1794 quorumli-
872 1779 876 1786 ,

38 1801 87 1852 bet
108 1798 290 1851 aninmntium
310 1799 453 1850 intestinis
472 1800 545 1849 liunt
558 1812 678 1850 canorae
689 1797 768 1849 tides.
795 1810 839 1868 m.

39 1868 146 1920 Audivi.
175 1879 223 1916 uu.
245 1867 334 1932 Atque
353 1865 406 1917 hae
428 1866 539 1932 quidam
550 1868 668 1920 exedris
679 1865 841 1919 circumfusi

39 1937 155 1991 madore
167 1939 215 1985 aut
231 1933 358 1986 siccitate
373 1933 519 1997 laxantur,
538 1934 752 1998 contrahuntur,
772 1949 841 1986 non·

39 2018 179 2073 uunquam
191 2006 220 2053 et
229 2008 402 2068 rumpuntur.
414 2017 459 2054 rr.
467 2002 542 2053 lstuo
550 2003 610 2053 ridi
620 2019 676 2055 non
686 2003 781 2054 semel.
793 2017 841 2052 uu.
854 2051 856 2058 χ

38 2077 111 2129 lleic
130 2073 217 2141 igitur
232 2077 313 2139 potes
331 2083 411 2136 opem
422 2077 565 2136 praestare
576 2078 631 2121 non
642 2071 786 2134 vulgarem
798 2066 840 2117 in·

39 2145 149 2198 santulo
160 2147 219 2205 tuo,
230 2148 262 2192 ut
272 2140 380 2192 animus
391 2139 469 2191 illius
479 2137 648 2190 testudinem
660 2136 761 2188 habent
772 2135 842 2186 bene

40 2219 242 2280 temperatam,
272 2209 440 2278 minimeque
459 2207 598 2269 vitiatam,
617 2219 651 2256 ne
665 2206 730 2256 laxa
746 2205 784 2255 sit
799 2217 842 2254 se·

40 2284 142 2352 gnitie,
157 2297 193 2332 ne
203 2278 325 2331 stridula
334 2278 373 2330 sit
383 2275 544 2338 iracundia,
565 2292 600 2326 ne
611 2289 695 2328 runica
705 2274 841 2326 sittemu·

40 2353 136 2406 lentio.
172 2347 244 2402 Nam
264 2347 316 2401 hos
338 2347 455 2399 affectus
473 2345 571 2397 inserit
581 2348 609 2396 in
621 2343 702 2395 nobis
713 2358 840 2395 nonnun-

30 2435 122 2491 quam
142 2417 516 2484 educatiorictusqueratio.
553 2427 599 2465 rs.
616 2411 842 2466 Admonitionem

41 2489 167 2556 accipio;
185 2487 232 2539 sed
243 2493 382 2554 exspecto,
391 2500 443 2552 quo
453 2490 536 2552 pacto
543 2481 648 2540 tuearis
654 2482 841 2538 Aristotelem.

43 2575 90 2614 nu.
99 2558 151 2613 llle
161 2557 272 2626 quidem
282 2557 429 2624 descripsit
439 2557 468 2606 in
480 2566 581 2622 genere
591 2555 711 2607 animam
721 2553 844 2604 animun·

43 2637 116 2693 tom,
139 2633 314 2696 vegetantem
325 2643 358 2680 ac
367 2628 542 2679 sentientem.
577 2623 844 2682 Animadatvitam3

44 2701 93 2752 sed
117 2715 170 2751 non
193 2699 319 2768 protinus
339 2695 447 2750 animalx
464 2705 518 2758 est,
537 2695 610 2762 quod
630 2695 703 2745 sirit.
740 2689 845 2744 Virunt
