2126 3188
253 223 305 276 ero
338 204 616 273 Pannoniorum*
631 213 839 268 nummulus
860 214 973 268 nouo.

254 323 318 377 eliis
328 321 423 374 usibus
441 333 553 372 servare
568 318 660 371 didici.
696 331 745 370 sss.
757 318 815 370 inm
831 319 899 372 sitio
909 319 1050 388 reliquum

253 391 381 446 fabulae:
405 403 489 455 quere
500 403 543 439 me
552 388 581 438 in
592 398 679 441 coena
689 394 821 454 exspecto
830 389 991 454 convivam
1009 391 1050 441 ibi

253 460 382 512 narrabis
393 457 571 510 commodius.
608 469 652 507 oo.
665 457 799 522 liquidem
814 456 903 510 iuuboo
920 458 1048 526 gratiam,

255 530 330 598 quod
339 529 414 580 ultro
425 532 515 578 temet
526 524 770 587 offersoonvirom,
782 535 866 593 quum
876 528 960 578 multi
970 525 1049 580 vehe-

254 604 362 653 menter
372 597 465 663 rogati
478 602 644 716 pernegents
662 593 712 646 sesi
728 594 796 646 hoec
812 595 864 647 tibi
875 595 1048 663 conduplice-

254 665 478 736 biturgroiia‚si
503 664 762 716 odiedomiooenos.
781 664 851 717 Num
861 663 930 715 mihi
940 669 1048 734 temp'us

254 738 309 791 hoo
324 741 448 788 sumetur
459 733 628 786 ‘suiutundue
642 732 772 784 familiae.
804 735 937 787 'Ueterum
960 732 1049 787 hoboo

256 807 401 861 consilium
416 804 527 870 utrique
542 810 666 853 nostrum
678 803 859 855 commodius.
899 804 967 854 (irus
983 803 1048 854 mihi

255 877 391 943 uxorique
402 888 481 924 meno
492 872 568 924 domi
583 877 648 923 tuoe
660 871 797 924 odoi-uoto
812 869 971 938 prandium:
990 878 1049 923 turn

254 946 300 999 vei
310 959 397 1012 usquo
413 943 450 993 ud
464 955 578 994 eoeuurn
589 939 766 1007 proferentur
781 939 902 1003 iobulue,
922 939 1011 1002 donec
1022 949 1050 993 te

245 1013 372 1068 intentis
382 1013 438 1063 ianr
449 1027 510 1064 esse
521 1016 663 1061 saturum:
685 1015 715 1061 et
730 1008 757 1060 si
766 1009 859 1071 volus,
879 1024 912 1060 ne
923 1009 953 1060 in
964 1024 1050 1062 coeno

177 1131 179 1139 ,
256 1084 367 1151 quidem
376 1088 405 1133 te
416 1081 607 1132 destituemus.
644 1078 816 1142 Quidsoubis
831 1077 931 1147 ooputi
951 1079 997 1131 Tu
1008 1093 1050 1146 po·

253 1167 302 1216 τις
323 1165 373 1201 uros
383 1149 457 1200 bono
466 1149 520 1200 fide
532 1149 680 1200 veniemus.
717 1161 765 1201 nr.
777 1149 874 1200 Malim
885 1147 1050 1202 inomtusiu

254 1220 342 1274 hules.
381 1217 482 1270 Verum
494 1232 555 1284 ugo,
573 1216 750 1283 prandiolum
760 1217 879 1279 debitur,
895 1217 946 1268 sed
956 1218 1050 1286 insipi-

256 1289 329 1352 dum,
341 1287 395 1339 uisi
406 1294 436 1340 tu
447 1287 525 1338 bouis
537 1285 641 1340 inbulis
653 1287 775 1340 condius.
810 1302 854 1340 uo.
865 1285 920 1339 Sed
931 1285 1003 1340 heus
1015 1295 1050 1350 tu,

254 1373 346 1415 nonne
358 1357 460 1409 titillet
471 1364 500 1408 te
510 1357 633 1418 enimus,
654 1363 685 1408 ut
696 1354 745 1408 hos
756 1355 995 1424 peregrinationes
1007 1358 1050 1409 ob·

255 1427 321 1484 eusi
338 1426 523 1480 unForiosse
536 1425 673 1488 titillabit,
684 1426 733 1476 ubi
741 1431 773 1476 tu
783 1427 973 1493 peroraveris:
984 1441 1050 1478 nuno

255 1505 288 1551 ut
300 1497 416 1550 effectus
427 1495 641 1559 sum‚sothoboo
649 1495 1050 1558 stutionesubiroiiomanos*).

257 1582 302 1619 oo.
314 1567 463 1626 Romanus,
474 1566 521 1631 qui
534 1566 650 1616 nomon
660 1579 798 1634 nunquam
808 1563 934 1617 videris}
953 1579 1000 1618 uu.
1006 1563 1050 1616 Di·

258 1649 328 1688 oom.
347 1633 395 1684 Sio
405 1633 479 1684 domi
491 1633 653 1684 obambulo:
664 1633 807 1700 ingredior
822 1633 960 1695 conclave,
976 1648 1048 1684 ruro-

257 1719 311 1770 que
320 1709 351 1754 ut
361 1702 441 1753 salve
454 1703 492 1752 sit
507 1700 628 1753 filiorum
644 1702 799 1768 pudicitiu3
834 1717 929 1753 rursus
944 1702 1004 1752 hino
1018 1700 1047 1750 in

259 1771 414 1834 ossioinum3
436 1770 610 1836 contemplor
626 1772 691 1837 quid
707 1777 791 1838 ugant
806 1769 906 1823 famuli
920 1769 1045 1822 famulae·

258 1855 324 1907 quer
344 1838 408 1890 iude
418 1838 448 1889 in
459 1837 589 1903 culinum,
595 1839 820 1907 circumspiciens
827 1842 852 1892 si
864 1840 927 1908 quid
938 1855 1008 1907 opus
1017 1839 1043 1890 si

257 1909 413 1961 admonitu:
425 1905 489 1960 hino
500 1909 557 1960 olio
570 1916 653 1976 atque
663 1910 728 1974 olio,
739 1912 887 1963 observans
896 1910 961 1977 quid
972 1923 1040 1977 egen

256 1979 353 2040 liberi,
375 1976 438 2044 quid
449 1991 532 2039 uxor,
554 1979 681 2030 solicitus
692 1985 724 2031 ut
742 1981 837 2032 omniu
846 1982 903 2031 sint
914 1983 942 2030 in
953 1978 1040 2042 officio

255 2047 318 2100 lieo
334 2047 402 2098 mihi
416 2053 480 2097 sunt
494 2047 630 2099 stationes
645 2047 796 2103 Romanae.
833 2062 876 2101 oo.
887 2052 923 2102 At
939 2051 996 2100 istu

255 2122 287 2169 te
305 2122 415 2168 curaret
432 2115 510 2166 divus
525 2117 650 2168 lacobus.
686 2131 733 2171 sss.
751 2117 789 2169 Ui
805 2119 865 2184 ipse
880 2133 975 2170 eurem
991 2119 1001 2169 i

256 2185 433 2253 praecipiunt
452 2198 549 2238 serrae
566 2185 692 2251 litterue3
727 2191 761 2239 ui
780 2186 851 2240 diris
872 2188 990 2242 commit

174 2315 176 2318 Ι
256 2268 390 2321 nusquam
401 2252 459 2323 legi
469 2259 655 2322 praeceptum.

284 2387 307 2442 ⁰)
321 2389 506 2434 Stationessnim
522 2389 619 2434 Bonum
634 2389 746 2436 intumum
763 2392 840 2438 munis
857 2393 983 2446 metuent.

254 2443 360 2501 cuiquem
369 2447 473 2494 obeuntis
480 2451 542 2500 suut,
558 2451 585 2491 ut
592 2445 614 2491 h.
623 2447 640 2492 Ι.
653 2449 730 2492 munis
739 2447 870 2494 domesticu.

548 2653 759 2670 §dm-'m
