2132 3196
114 245 121 252 ·
219 225 388 280 auarus
406 225 451 278 m
474 188 642 282 uuuuu.
793 223 828 282 aa·

28 329 115 384 denda
131 333 177 383 ert
196 330 358 383 aremoriter
369 327 501 384 hesterna
514 331 611 394 lectio,
632 332 700 386 satis
711 331 829 400 prolixa.

27 399 134 452 Vereor
142 405 176 450 ut
188 403 300 466 possim.
336 414 378 451 sr.
398 401 548 451 Commune
560 402 712 467 periculum
723 418 831 454 narras.

28 469 94 520 Nam
105 475 135 521 et
145 471 205 535 ipse
215 472 261 520 vix
272 463 340 520 satis
351 476 443 520 teneo.
480 483 518 520 ro.
538 471 574 520 Et
584 469 659 521 nosti
669 479 831 540 praecepto·

31 539 66 590 ris
76 539 236 590 saevitiam.
255 540 351 590 Omnis
361 537 404 589 illi
415 536 500 589 noxia
510 540 637 606 capitalis
648 545 699 590 est.
710 539 767 592 Nec
777 557 834 592 ma·

32 610 72 676 gis
83 610 176 675 parcit
187 609 291 659 nostris
303 609 429 670 n‘atibus,
450 606 531 675 quam
549 608 572 658 si
583 610 689 660 corium
703 615 775 663 esset
785 611 835 661 bu·
851 623 862 634 ‘

31 675 134 728 bulum.
155 691 198 732 ar.
220 679 325 731 Verum
336 678 361 727 is
373 692 426 728 non
440 677 530 728 aderit
541 681 570 728 in
581 677 657 733 ludo.
685 693 724 728 ro.
746 678 836 739 Quem
929 694 932 700 ·

33 747 116 813 igitur
129 746 267 797 ricarimn
280 744 444 799 constituit?
461 759 502 798 sr.
525 748 693 798 Cornelium.
711 761 749 797 ro.
761 747 836 798 Stra·

34 816 94 880 bum
107 814 212 866 illumi
241 817 303 869 Vae
314 817 419 870 nostris
429 817 552 868 natibus.
573 817 599 868 ls
609 817 653 868 vel
663 813 770 867 Orbilio
780 816 839 883 pla·

35 885 127 950 gosior
139 890 193 936 cst.
215 899 256 937 sr.
268 885 373 938 Verum
385 884 468 948 dicis;
480 892 508 936 ct
518 886 582 938 ideo
592 901 651 938 uon
659 899 724 936 raro
734 901 794 936 sam
806 885 839 936 ii·
927 921 936 934 ,

32 953 214 1006 lius'brachio
225 959 355 1020 precatus
367 954 520 1022 paralysin.
557 970 597 1006 ro.
618 955 681 1006 Non
698 961 741 1006 est
750 957 838 1024 pium,

8 1025 12 1034 '
32 1023 181 1089 imprecari
193 1023 379 1092 praeceptori.
409 1023 497 1076 Nobis
508 1023 604 1091 potius
614 1023 780 1088 cavendum,
802 1037 838 1076 ne

33 1091 188 1144 incidamus
200 1095 229 1144 in
240 1093 316 1144 iliius
332 1095 445 1161 tyranni
463 1108 569 1146 uranus.
606 1108 647 1145 su.
677 1093 838 1146 Reddamus
893 1117 897 1122 ·
984 1123 988 1130 ›

33 1163 103 1214 iuter
113 1177 168 1226 urm¹
178 1163 317 1230 vicissim²
337 1164 426 1215 altero
439 1162 596 1231 recitante‚·
611 1163 700 1215 altero
713 1163 841 1220 codicem.

32 1231 209 1298 inspiciente.
233 1247 273 1298 ro.
294 1231 414 1284 Pulchre
427 1247 533 1286 mones.
561 1248 601 1286 su.
622 1231 840 1300 d'ac›praesenti
903 1295 908 1304 ἱ

34 1302 68 1352 ris
79 1302 187 1352 animo.
210 1300 282 1354 Nam
294 1308 384 1353 metus
395 1303 481 1353 officit
493 1303 657 1354 memoriae.
685 1317 721 1353 ro.
743 1302 838 1354 Facile
879 1319 880 1324 ¹

34 1371 204 1438 deponerem
216 1384 361 1436 pavorem,
382 1371 405 1423 si
423 1387 478 1422 non
490 1372 600 1422 adesset
611 1369 773 1437 periculum.
803 1372 840 1422 ,tt

32 1439 61 1489 iu
76 1445 162 1492 tanto
177 1439 338 1494 discrimine
355 1441 417 1507 qui's
429 1440 519 1509 possit
530 1455 592 1490 esse
605 1453 720 1490 securus
731 1436 841 1489 animo!
882 1443 887 1448 ’

34 1522 73 1560 sr.
92 1509 222 1572 Fateor3
253 1515 376 1563 attamen
392 1525 449 1562 uun
464 1511 558 1580 agitur
573 1507 725 1575 decapite,
743 1506 840 1560 cedde
989 1531 997 1538 ·

33 1584 110 1646 parte
124 1579 247 1632 diversa.

402 1651 474 1704 Atta.

145 1721 150 1728 “
222 1719 455 1784 Constemus,
485 1723 658 1772 Annaeus.

83 1803 128 1842 co.
154 1786 229 1841 Scite
244 1795 274 1841 tu
311 1789 401 1840 uidem
417 1785 525 1852 pingis,
536 1786 594 1838 ,sed
611 1785 708 1838 charta
717 1789 768 1837 tua
778 1798 845 1856 pera

7 1885 8 1912 t
36 1856 103 1912 ituit.
138 1857 244 1908 Gliarta
263 1807 429 1907 suzhunrida
445 1861 501 1918 est,
529 1869 562 1906 ac
577 1855 746 1906 transmittit
760 1859 839 1917 atra·

34 1932 171 1978 mentum.
187 1937 231 1976 uu.
243 1923 368 1987 Quaeso,
380 1931 411 1976 ut
421 1937 539 1990 appares
552 1921 619 1976 mihi
632 1938 749 1991 petinam
761 1923 840 1975 hanc.

36 2009 75 2046 co.
88 1995 182 2048 Deest
192 1991 261 2044 mihi
272 1993 412 2061 gladiolus
422 1993 594 2060 scriptorius.
614 2010 659 2046 su.
671 1993 714 2046 Eu
726 1993 785 2044 tibi.
797 2007 841 2044 co.

35 2063 105 2129 Hui,
117 2077 202 2132 quam
215 2062 344 2114 obtusus!
358 2079 399 2114 su.
411 2063 510 2129 Accipe
523 2064 680 2115 coticulam.
692 2061 841 2112 co.Ufi·um

36 2148 110 2186 amas
121 2133 250 2189 scribere
260 2132 373 2200 cuspide
385 2132 558 2192 duriuscule,
577 2147 613 2182 an
623 2127 772 2182 molliore!
795 2141 849 2200 nrt„

8 2217 13 2306 Ι
36 2203 202 2269 Attempera
213 2201 248 2252 ad
259 2217 368 2253 manum
380 2207 468 2252 tuam.
479 2216 523 2252 co.
542 2203 603 2268 Ego
613 2198 741 2251 molliore
752 2194 841 2246 soleo.

37 2285 78 2324 nu.
91 2274 216 2336 Quaeso,
228 2276 259 2322 ut
269 2269 336 2321 mihi
347 2269 489 2322 describas
502 2268 598 2320 ordine
610 2269 712 2333 figuras
724 2263 844 2317 elemen-

38 2345 140 2406 torum.
163 2355 207 2392 co.
222 2339 343 2392 Graecas
354 2355 388 2390 an
400 2338 522 2390 latinas?
540 2335 714 2389 amLatinas
724 2334 843 2402 primum

39 2412 162 2464 conabor
173 2409 290 2461 imitari.
325 2424 369 2460 co.
389 2407 543 2476 Suppedita
560 2405 696 2458 chartam.
731 2419 775 2456 au.
793 2405 845 2456 Ac·

39 2479 108 2545 cipe.
140 2495 185 2532 co.
205 2477 361 2531 Sedmeum
373 2478 559 2529 atramentum
576 2475 690 2527 dilutius
701 2479 757 2537 est,
782 2473 844 2524 sub·

39 2539 103 2604 iude
115 2549 212 2600 intusa
222 2561 302 2615 aqua.
313 2563 356 2598 su.
366 2548 402 2598 At
413 2547 503 2599 meum
516 2543 661 2598 linteolum
673 2558 786 2611 prorsus
798 2557 845 2593 ex·

10 2603 11 2680 i
40 2618 124 2669 aruit.
146 2633 190 2668 co.
210 2617 362 2683 imminge3
382 2613 437 2667 nisi
449 2614 697 2676 mavisimmeiere.
720 2628 764 2664 tr.
783 2611 844 2662 imo

40 2688 134 2753 potius
145 2687 253 2755 rogabo
265 2684 403 2736 alicunde.
435 2699 477 2737 co.
498 2685 628 2736 Praestat
645 2681 748 2733 habere
761 2679 845 2758 domi,

42 2771 126 2824 quam
138 2771 240 2829 rogare
252 2750 437 2808 commodato.
458 2769 503 2807 aa.
521 2753 597 2819 'Quid
608 2757 651 2806 est
662 2749 846 2803 scholasticus
