2150 3198
201 200 253 254 108
322 194 575 268 coNV1v1um
598 195 881 251 RELIGIOSUM.

99 358 102 366 ,
200 286 1013 368 Ιεῢοτιιιηοοηῐίηςοτε,“τεοὶρίεῑρνίεἱίηυηίνὶςοτοηι,(Ιίὲ
1069 335 1071 352 r

200 375 276 424 rcrsi
287 371 385 422 veneni
398 374 527 420 contactu
538 369 664 420 solvente
675 373 827 432 torporem.
848 383 887 420 rr.
907 371 1013 422 Actum
1062 428 1068 434 ,

202 448 245 504 cst
255 441 342 506 igitur
353 439 387 490 do
397 439 455 489 isto
466 439 586 504 scorpio:
608 451 671 486 nam
688 437 713 485 is
729 451 759 486 se
770 448 910 552 nunrpumn
921 441 1013 506 expli·

205 508 279 562 cabit
290 510 324 560 ab
336 500 529 560 aconitifolio.
566 506 660 555 Etiam
671 505 825 571 loquuntur
852 505 879 554 ic
890 507 1015 574 scorpii}
1069 535 1071 546 -

182 609 184 614 ,
202 590 252 631 Eu.
262 578 301 629 Et
310 577 424 646 quidem
436 588 544 642 graeco.
565 589 603 626 rr.
625 572 765 633 Quidnitl
793 586 841 624 su.
862 569 933 640 Εὗρε
947 575 1017 632 Θεὸς
1042 608 1047 620 ,
1070 603 1071 606 =

203 643 251 697 τὸν
261 643 377 714 ἅλιτρόν.
394 646 450 698 llic
461 651 571 714 practer
581 643 682 694 herbas
694 642 795 704 ridetis
808 656 889 694 omne
900 656 1018 708 serpeu-
1069 631 1071 664 ¹

202 717 273 776 tium
286 730 386 783 genus.
405 717 447 767 En
457 713 535 766 robis
546 713 708 772 basiliscus,
727 712 816 762 oculis
829 711 932 778 igneis,
942 711 1016 780 ipsis
1066 665 1071 778 d

205 785 290 838 ctiam
301 785 509 837 nocentissimis
519 784 633 834 venenis
645 780 842 836 formidabilis.
880 793 922 832 rr.
944 781 983 831 Et
992 782 1016 832 is

204 853 329 920 loquitur
340 854 454 922 uliquidt
474 862 521 904 riu:
544 847 674 908 Oderint,
690 851 792 913 lnquit,
804 852 868 902 dum
878 857 1017 902 metuant.

176 955 179 963 .
203 923 502 987 u1.Planercginvox·.
521 918 639 984 nolimu
651 915 719 966 nihil
731 917 821 967 minus
832 921 950 982 regium,
962 919 1015 972 sed

204 990 354 1059 tyrannica
374 1003 426 1039 rox
446 994 499 1038 est.
531 986 586 1040 llic
597 991 704 1054 pugnat
715 985 820 1038 lacerta
829 1001 892 1036 cunr
901 982 1016 1054 ripcra·

133 1091 139 1104 ·
204 1061 261 1114 llic
272 1059 366 1124 dipsas
376 1057 538 1119 insidiatur,
548 1063 625 1118 tecta
636 1057 777 1124 putamine
789 1057 832 1107 ovi
843 1056 1016 1109 struthioca·
1070 1099 1071 1102 η

183 1121 189 1130 “
204 1127 281 1182 meli.
293 1129 347 1178 llic
356 1127 458 1188 ridetis
469 1127 693 1192 politiamtotum
705 1123 935 1186 lornricarunr,ad
950 1142 1017 1194 qua·
1069 1125 1071 1146 ⁴

205 1213 270 1250 rum
280 1197 467 1248 imitationem
485 1209 536 1244 nos
551 1199 634 1244 vocnt
648 1192 794 1246 Hebraeus
818 1195 867 1245 illc
888 1199 1016 1261 sapiens,

207 1273 293 1332 atquc
303 1268 388 1318 ctiam
399 1265 515 1315 Flaccus
524 1263 632 1314 no‘stcr.
654 1263 708 1313 llic
718 1263 818 1314 vidctis
829 1263 961 1316 formicas
971 1266 1015 1316 ln·

187 1328 194 1351 ‘
208 1336 298 1396 dicas,
309 1349 381 1402 quac
393 1329 490 1384 aurum
501 1337 619 1400 egerunt
630 1328 794 1387 aestivant.
809 1348 848 1385 rr.
859 1334 952 1385 Deum
964 1334 1013 1384 irn-

189 1432 191 1438 ·
207 1403 370 1466 mortalem,
392 1404 437 1454 cui
446 1405 535 1470 possit
545 1403 679 1468 obrepere
690 1401 814 1453 taedium
826 1405 854 1454 in
866 1398 919 1454 hoc
930 1401 1013 1454 tlrca-

207 1480 255 1526 tro
268 1472 404 1526 rcrsmrtil
432 1487 479 1524 nu.
500 1473 599 1536 Aliasj‘
612 1473 741 1538 inquam,
760 1472 913 1528 licebitrcl
925 1473 960 1523 ad
972 1487 1014 1522 sa·
1064 1497 1071 1513 ι

207 1544 336 1598 tictatcm
347 1557 435 1610 usquc
446 1548 583 1607 spectare.
595 1539 674 1591 Nunc
683 1540 782 1608 procul
792 1547 898 1592 tantum
908 1547 1013 1608 specta·

206 1620 238 1666 te
260 1614 372 1662 tertium
392 1611 540 1677 parictem.
585 1610 612 1660 ls
631 1609 717 1662 habet
743 1609 836 1672 lacus,
867 1626 964 1664 amnes
985 1613 1015 1661 et
1068 1639 1071 1652 ‹

209 1683 315 1750 spuria,
334 1681 410 1732 etin
430 1677 627 1746 hisquicquid
647 1687 691 1731 est
712 1681 865 1747 insignium
884 1683 1013 1746 piscium.

143 1753 147 1762 '
208 1751 265 1804 llic
286 1754 330 1801 est
353 1748 449 1812 Nilus,
467 1751 505 1800 ,in
529 1763 584 1817 quo
610 1748 771 1822 delphinum
795 1749 874 1800 illum
903 1751 1013 1811 vidctis,

206 1817 357 1872 hominurn
366 1847 369 1853 ,
378 1816 548 1882 amatorem,
570 1833 631 1870 curn
643 1819 784 1870 crocodilo
796 1817 1012 1886 depugnantem,

210 1901 266 1955 quo
287 1903 342 1938 non
365 1888 436 1940 alius
457 1887 546 1940 hostis
567 1885 673 1940 homini
693 1887 847 1956 capitalior.
889 1891 922 1940 ln
944 1889 1012 1955 ripis
1062 1941 1068 1950 ‚

116 1961 118 1966 ‘
169 2009 172 2014 ,
211 1972 246 2009 sc
266 1957 408 2008 littoribus
433 1958 535 2028 ridetis
561 1973 611 2022 ea,
637 1961 793 2024 quaesunt
819 1951 954 2024 ἀμφίβια,
982 1961 1014 2008 ut

208 2027 314 2089 cancri,
345 2023 466 2093 phocae,
486 2029 566 2080 liber.
601 2027 657 2078 llic
679 2032 723 2078 est
739 2026 857 2094 polypus
876 2031 1012 2094 captator,

210 2101 311 2162 captus
334 2109 352 2147 a
372 2095 485 2148 concha.
521 2111 561 2148 rr·
592 2096 667 2159 Quid
687 2095 834 2163 loquitari
865 2097 955 2162 Aipdr
974 2095 1012 2148 alr

209 2167 317 2233 polipus.
356 2165 431 2237 Mire
452 2164 630 2232 pictor‘fecit
651 2179 750 2233 uquam
770 2163 947 2246 pellucidam.
965 2177 1010 2214 au.

170 2239 186 2274 ὃ
208 2235 266 2285 Aut
282 2231 333 2286 lroc
344 2241 406 2286 crat
417 2235 458 2286 illi
473 2233 643 2298 faciendum,
663 2241 713 2287 aut
723 2235 803 2287 nolus
812 2249 882 2302 opus
893 2238 954 2284 erat
966 2233 1025 2285 ali·
1043 2267 1045 2270 -

208 2305 235 2352 is
251 2303 348 2356 oculis.
380 2305 411 2354 ln
423 2307 550 2371 proximo
562 2311 605 2358 cst
614 2306 686 2357 altor
698 2305 829 2372 polypus,
852 2318 960 2356 summa
969 2318 1011 2354 ac·

211 2371 306 2438 quoris
324 2386 397 2438 aqua
414 2373 571 2438 velificans,
595 2375 794 2427 liburnicarum
813 2372 939 2441 gaudens
949 2377 1011 2424 ima·

209 2441 285 2508 gine.
310 2437 433 2494 videtis
443 2443 618 2511 torpedincm
632 2450 802 2511 prostratam
814 2445 844 2493 in
855 2457 942 2494 arena
952 2458 1011 2494 con·

156 2562 161 2572 ,
210 2510 313 2573 colori,
332 2527 414 2578 quarn
425 2511 471 2563 hic
480 2518 542 2565 tuto
551 2514 596 2564 rel
607 2529 692 2566 manu
703 2513 865 2580 contigeris.
894 2511 949 2564 Sed
959 2511 1010 2570 alio

210 2580 419 2645 properandum
427 2586 479 2633 est.
498 2581 578 2633 Haec
587 2590 705 2648 pascunt
715 2582 826 2644 oeulos,
846 2588 876 2632 at
888 2587 1010 2631 ventrem
1068 2593 1071 2598 ’

212 2649 406 2712 ncnoxplcnt:
427 2656 610 2713 properemus
623 2652 659 2699 ad
670 2652 787 2714 reliqua·
823 2660 863 2697 rr.
885 2648 1032 2721 Etiamne!

212 2715 352 2785 ampliusl
368 2727 416 2770 su.
428 2715 497 2773 Mox
506 2713 647 2781 ridemus,
656 2717 722 2789 quid
731 2715 812 2769 nobis
821 2715 958 2784 praebent
966 2731 1010 2787 po·
