2132 3196
183 155 237 210 rto
273 186 274 192 =
306 157 519 212 PERCONT.
541 159 598 211 DE
617 155 914 212 VALETUDINE.

202 259 257 322 die,
269 261 387 312 narraui
407 262 617 330 imo-quotidie:
639 261 767 328 saepius,
779 276 860 328 quam
871 258 1004 324 Euripus.
1040 260 1064 281 ⁹*

202 329 250 381 (ιι.
274 328 381 394 Pupoe!
402 331 504 382 maium
517 331 740 384 abominandum.
777 330 855 382 Unde
866 331 1006 392 oontroxi·

202 397 241 448 eti
251 399 377 449 morbum
389 399 400 450 i
430 400 508 453 Unde
518 402 687 469 suspicaris,
717 400 771 452 hoo
783 416 844 452 ense
856 397 1006 456 collectum

202 466 291 518 mulii
327 483 366 519 ιι
377 467 420 522 Ex
430 469 532 522 inedia.
567 485 613 522 nu.
632 471 670 521 At
680 485 734 520 non
745 469 821 521 uoles
833 467 920 534 usque
933 464 1005 518 odeo

203 536 415 602 superstitiosus
430 554 507 605 esse,
526 545 558 590 ut
568 547 596 590 te
607 538 712 592 ieiunio
725 553 857 590 maceres.
880 553 921 589 ιι
941 534 1007 587 Non

204 611 265 656 erat
277 606 393 672 religio,
415 607 464 659 sed
475 609 580 674 inopie.
612 624 658 659 on.
679 607 844 672 Quaeoanri
873 622 911 658 ιι
934 607 1009 666 Quin

204 689 258 724 non
270 673 389 726 dabatur
401 677 487 729 cibus.
513 679 536 728 E
548 669 654 744 frigore
665 683 761 727 natum
773 677 903 727 arbitror.
923 667 948 724 Ε
960 688 1010 740 pu·

204 741 295 793 tribus
307 743 366 794 oris
379 745 505 796 morbum
515 745 605 797 urtirm
617 747 751 813 suspicor.
783 747 806 796 E
817 746 881 796 vino
892 739 956 810 plue
966 755 1010 792 sa·

205 811 243 862 tis
256 812 354 864 diluto.
365 814 388 864 E
400 816 492 866 crudis
504 815 584 866 molis
597 819 740 866 contractu
751 821 793 866 est
800 804 938 866 stomachi
949 825 1011 860 cru·

205 880 288 932 ditas.
325 898 371 933 on.
393 882 480 948 Vide,
502 899 535 935 ne
547 898 581 935 ex
590 884 739 937 immodico
752 880 1011 1002 autintemqeetiru

205 949 297 1001 studio
311 952 469 1006 concilieris
480 951 533 1005 boo
544 952 627 1015 moli,
650 959 698 1004 aut
709 967 743 1006 ex
754 953 897 1018 potatione
918 947 1013 1014 argio·

204 1033 251 1078 re,
262 1025 311 1066 eut
322 1018 432 1069 Venere
443 1037 540 1085 parum
552 1021 705 1076 moderatu.
736 1021 809 1085 Quin
818 1020 939 1072 uenerem
953 1030 1012 1075 me„

206 1084 315 1137 dicumt
343 1101 382 1137 ιι
393 1088 505 1150 Timeo,
525 1103 559 1138 ne
570 1087 653 1138 oitiun
663 1085 788 1139 morbum
801 1089 915 1154 augeat,
926 1095 1013 1151 quam

208 1154 324 1206 adimat.
343 1155 457 1218 Metuo,
481 1171 515 1206 ne
527 1171 576 1222 pro
587 1157 711 1209 remedio
723 1157 770 1210 det
782 1167 923 1209 venenum.
957 1167 1025 1224 nu.-

209 1222 382 1290 Deiigendue
394 1230 438 1276 est
448 1225 826 1291 igituncuitutoiidas.nnSi
835 1221 1013 1284 moriendum
1062 1257 1065 1268 ff

65 1342 67 1352 ,
208 1298 266 1353 est,
285 1293 358 1344 malo
371 1293 457 1345 semel
468 1295 554 1357 mori,
570 1310 651 1361 quam
664 1301 708 1346 tot
719 1293 874 1361 pharmacis
886 1293 1015 1344 excarni-

116 1394 118 1402 »
208 1361 315 1428 neotus.
337 1377 383 1414 un.
406 1363 463 1414 Fac
475 1364 576 1430 igitur,
597 1371 628 1415 ut
639 1365 699 1430 ipse
711 1363 764 1414 tibi
775 1364 815 1414 eis
828 1355 961 1414 medicus.
981 1359 1019 1430 si,

209 1430 312 1482 diffidis
322 1429 427 1484 homini
437 1433 555 1494 medico,
566 1448 673 1499 precor,
685 1438 715 1482 ut
725 1435 763 1482 sit
775 1433 825 1482 tibi
836 1431 936 1481 medici
948 1429 1014 1482 vice

208 1499 294 1552 Deus.
331 1493 474 1567 Sunt,‘qui
485 1501 552 1553 tecti
563 1502 671 1552 cuculla
681 1499 852 1550 Dominieali
863 1504 913 1548 out
924 1499 1014 1550 Fran·

209 1571 322 1620 ciserno
332 1571 523 1622 revaluerunt.
540 1584 580 1621 nr.
591 1569 666 1620 ldem
678 1567 807 1620 fortassis
817 1567 965 1630 evenisset,
985 1567 1014 1618 si

206 1637 316 1688 lenonis
327 1639 414 1704 pallio
424 1640 493 1690 tecti
503 1637 628 1689 inissent.
640 1636 744 1689 Verum
754 1638 810 1689 isto
820 1635 958 1688 diffidenti
970 1635 1014 1686 ni·

207 1703 247 1756 hil
258 1707 423 1759 conducunt.
452 1721 497 1758 ou.
517 1706 697 1772 Fide-igitur,
718 1713 750 1758 ut
761 1707 921 1758 reviviscas.
951 1705 1013 1760 Alii

207 1777 304 1826 morbo
318 1775 402 1827 levati
418 1781 489 1838 sunt,
500 1776 664 1841 nuncupatis
675 1777 758 1827 alicui
770 1775 833 1827 divo
846 1778 927 1828 notit.
968 1789 1011 1825 nr.

206 1845 242 1895 At
253 1859 305 1911 ego
318 1860 378 1896 curn
392 1841 462 1894 divin
473 1859 529 1894 non
539 1844 672 1910 paciscor.
693 1860 749 1897 uu„
763 1845 883 1896 Proinde
895 1851 926 1897 tu
937 1843 982 1895 vel
992 1857 1013 1895 a

207 1909 333 1974 Christo,
354 1914 398 1964 oui
409 1911 484 1975 fidis,
507 1914 711 1978 petesanitotis
723 1915 909 1966 beneficium(
923 1927 962 1964 ιι.
973 1913 1011 1963 nt

208 1993 275 2046 ego,
298 1996 332 2030 an
343 1974 508 2033 benificium
519 1983 572 2042 sit,
592 1983 697 2048 nescio,
728 1999 774 2035 on.
787 1986 827 2036 An
838 1999 894 2036 nun
905 1981 1009 2034 benefi·
1053 1987 1056 1994 ’

110 2081 114 2090 -
208 2048 280 2098 cium
292 2057 348 2111 est,
369 2050 484 2102 liberari
501 2049 621 2100 morboi
652 2067 694 2103 ιι.
713 2053 915 2120 Nonnunquam
935 2050 1010 2101 mori

206 2116 318 2168 felicius
334 2119 385 2170 est'.
425 2121 466 2172 Ab
478 2119 528 2169 iiio
542 2117 611 2170 nihil
623 2126 703 2187 peto,
723 2123 777 2173 nini
798 2129 843 2185 ut,
861 2119 935 2188 quod
955 2120 1011 2170 ecit
1029 2177 1035 2186 ,

208 2187 343 2254 optimum
355 2203 429 2258 esee,
447 2188 516 2239 mibi
527 2187 670 2256 largiatur.
701 2205 748 2258 on.
768 2191 865 2253 Sume,
886 2187 959 2257 quod
972 2187 1011 2240 al·

206 2272 271 2307 vum
283 2256 406 2309 deiiciot.
434 2273 473 2308 ιι
494 2257 552 2309 iam
563 2274 614 2310 suo
623 2259 722 2325 sponte
734 2263 791 2311 cito
801 2266 852 2312 est.
873 2272 920 2309 nn.
931 2257 1021 2308 Cion-¹

207 2323 258 2374 dus
269 2331 312 2378 est
323 2325 410 2388 olins,
421 2328 573 2382 movendus
585 2336 627 2380 est
637 2319 725 2381 elius.
749 2345 789 2382 ιι.
799 2329 858 2380 lmo
870 2326 1011 2382 sistendus

207 2400 249 2446 est
260 2395 363 2462 mogie3
385 2411 448 2468 nom
458 2398 521 2464 plue
533 2399 602 2450 ontio
612 2397 736 2464 profluit.

568 2512 642 2570 Arta.

262 2613 309 2652 un.
331 2600 430 2656 Fuitne
442 2601 494 2655 tibi
511 2600 629 2657 booitor
639 2603 762 2670 inustum
773 2607 802 2655 et
812 2579 988 2654 commodum
999 2601 1011 2654 i

207 2682 247 2754 ιι.
269 2668 315 2722 Sic
325 2671 410 2724 sotio:
432 2673 486 2726 nisi
497 2673 571 2741 quod
581 2671 653 2729 nihii
663 2687 779 2740 usquam
790 2677 879 2724 tutum
891 2675 934 2722 eet
945 2669 1011 2724 ulo·
