2132 3196
244 207 406 290 sereres
424 205 633 266 ereatura.
739 252 743 263 .
796 186 847 264 ‘aa

49 314 112 366 deas
122 310 255 364 attollere
266 312 361 363 oculos
371 310 407 362 ad
418 315 525 377 patr-ern
536 310 643 376 Dentri,
664 325 748 384 qoem
759 295 847 366 Siren.
893 349 897 358 ,
968 335 972 345 .

47 383 89 446 di,
108 381 194 433 tundo
210 387 311 447 pectus
330 395 437 442 meum,
458 379 633 433 diceusillud
644 398 678 434 ex
690 385 864 452 Evangelio

48 449 105 504 eur'n
128 451 295 517 publicano:
325 449 460 512 Domine,
480 451 617 518 propitius
633 459 694 504 esto
705 453 773 507 rnilri
785 468 848 522 pec-

49 521 140 574 catori.
177 519 302 582 Deinde,
329 522 354 570 si
366 533 479 572 sensero
500 519 657 586 quempiam
677 521 812 574 offensum
829 538 849 574 a

49 606 103 654 are,
133 604 197 642 eum
214 588 458 656 europlacandum
471 589 634 654 evestigio,
657 589 773 641 silicet:
805 591 851 644 sin

12 693 14 698 ,
48 661 144 722 nimus,
155 664 251 710 statuo
262 659 291 708 in
303 658 406 720 animo,
425 653 506 720 mihi,
518 673 602 724 quum
615 662 733 724 primurn
745 658 855 728 licebit,

49 728 231 781 reconciliare
241 727 408 795 proximum.
428 727 457 778 Si
469 727 530 795 quis
541 727 658 780 offendit
667 731 851 790 nte,reuritto
945 732 959 787 s
990 701 1004 765 f

49 798 208 860 uindictam,
229 797 320 866 doque
331 793 460 862 operam,
482 802 526 859 ut,
550 797 596 863 qui
608 798 698 861 laesit,
716 805 853 866 agnoscat

50 882 170 920 errorem
182 881 275 929 suurn,
296 871 324 918 et
335 866 489 932 resipiscat.
516 865 565 917 Sin
577 867 637 920 eius
646 871 689 920 rei
699 867 779 919 nulla
788 878 852 935 spes
895 879 903 909 -·
967 905 970 914 „

49 943 101 999 est,
120 937 270 988 uindictam
282 950 390 987 omnem
400 934 462 987 Deo
474 936 610 1003 relinquo.
638 951 686 990 sn.
698 937 793 990 lstlruo
802 938 853 989 du·

12 1057 13 1072 ἦ
47 1011 172 1060 anm'est.
203 1022 245 1057 es.
255 1004 297 1057 dn
309 1004 361 1056 hoc
372 1005 480 1068 durunr,
500 1004 661 1060 condonare
672 1008 761 1060 leuem
773 1006 854 1058 noxi·

12 1081 13 1102 ³
49 1091 90 1129 sur
110 1075 194 1128 fratri
213 1083 280 1137 tuo,
301 1078 377 1126 cuius
391 1074 565 1142 ignoscentia
579 1075 854 1130 tibimntuasitfre.

50 1151 251 1214 quenteropus,
259 1159 342 1211 quum
350 1145 479 1196 Christus
489 1145 583 1195 oninia
594 1147 745 1198 commissa
755 1152 860 1204 nostra,

49 1216 129 1268 nobis
140 1215 229 1266 semel
240 1215 419 1278 condonarit,
441 1219 470 1268 ct
481 1214 606 1282 quotidie
617 1215 772 1268 condonet?
793 1217 853 1266 lnio

48 1285 117 1336 mihi
132 1285 246 1336 videtur
261 1283 331 1336 haec
343 1299 397 1336 non
409 1299 469 1336 esse
481 1283 636 1338 liberalitas
645 1287 674 1336 in
686 1288 854 1351 proximum,

12 1393 13 1400 κ
48 1355 98 1406 sed
112 1354 268 1408 foeneratio
279 1355 352 1422 apud
362 1353 467 1406 Deum:
486 1352 600 1420 perinde
615 1356 695 1420 quasi
705 1369 855 1406 conservus

12 1989 14 2094 l

12 2219 15 2280 l

12 2693 13 2718 l

12 2739 14 2766 l

49 1440 84 1478 ex
94 1429 178 1494 paeto
188 1427 315 1476 remittat
325 1437 459 1476 conservo
471 1428 528 1474 tres
538 1420 734 1486 dtaehnras‚ut
744 1424 797 1488 ipsi
807 1423 862 1474 do·.

48 1495 142 1546 rninus
154 1493 293 1545 condonet
305 1489 413 1547 talenta
423 1490 527 1612 (1εοεὲιὸ
539 1491 855 1629 ccapitiaml‘sugpatilltqegrngitgt
948 1519 949 1524 =
968 1561 972 1566 1
1022 1499 1025 1514 ·

699 1597 707 1624 ,
848 1594 856 1610 .
904 1599 905 1604 ,

48 1564 161 1632 quidem
173 1561 402 1632 philosopharis,
410 1563 434 1613 si
444 1578 489 1612 mo

48 1649 91 1686 en.
106 1635 150 1684 An
160 1630 291 1703 postulet
302 1631 407 1698 aliquid
420 1631 523 1682 certius
534 1629 697 1696 evangelica
708 1629 857 1684 cautionei
869 1666 895 1696 „-

46 1717 94 1754 aa.
104 1702 171 1754 Non
181 1707 225 1752 est
235 1717 362 1768 aequum.
399 1699 455 1752 Sed
471 1705 548 1761 suut,
569 1702 615 1767 qui
631 1715 662 1752 se
675 1713 730 1752 non
741 1701 858 1752 credant

46 1789 110 1825 esse
124 1770 372 1833 Christianos,'nisi
384 1770 510 1838 quotidie
523 1769 648 1832 Missam,
658 1779 690 1820 ut
702 1769 856 1838 appellant,
935 1785 936 1796 ¹
954 1792 957 1800 ·

45 1837 202 1893 audierint.
238 1856 283 1892 er.
303 1839 413 1891 llorunr
431 1840 587 1904 institutum
599 1838 728 1907 equidem
739 1854 795 1891 non
807 1839 866 1898 da·¹

46 1926 129 1962 rano:
142 1909 308 1976 praesertim
321 1905 413 1972 initis,
425 1911 472 1976 qui
487 1907 631 1960 abundant
642 1911 710 1972 otia,
722 1911 802 1977 quive
814 1915 857 1960 to·

46 1987 91 2032 tos
102 1980 167 2032 dics
180 1985 349 2045 occupantur
359 1977 484 2043 profanis
497 1979 624 2046 negotiis.
655 1981 777 2034 Tantam
789 1977 869 2031 illos'
894 2037 897 2044 ι
966 2023 968 2038 ,

44 2063 102 2102 non
114 2048 255 2116 approbo,
267 2049 519 2116 quisuperstitioso
530 2049 581 2098 sibi
593 2053 800 2114 persuaserunt,
816 2045 858 2098 di·

38 2109 89 2172 ἐπι
102 2118 169 2179 fore
182 2133 278 2183 parum
290 2115 427 2181 faustum,
457 2119 512 2169 nisi
527 2118 635 2170 fuerint
646 2133 708 2169 euru
719 2113 856 2180 auspicati

46 2203 64 2240 a
83 2188 195 2240 Missar
216 2193 245 2238 et
264 2189 358 2237 statim
377 2201 395 2236 a
407 2201 487 2238 sacro
503 2201 533 2248 se
551 2179 753 2237 corildruutvel
765 2184 799 2234 ad
812 2197 859 2236 nc·

47 2258 249 2324 gotiationenn,
257 2255 305 2306 rel
315 2256 349 2306 ad
361 2256 509 2322 praedam,
520 2257 565 2308 vel
576 2256 611 2306 ad
621 2253 725 2307 aulam:
745 2252 806 2318 ulii,
824 2252 858 2316 si,

46 2325 125 2394 quod
144 2341 196 2392 per
209 2324 254 2376 las
268 2325 402 2392 nefasque
418 2330 532 2394 gerunt,
554 2324 733 2386 successerit,
752 2323 858 2376 Missae

45 2398 200 2462 imputant.
220 2409 268 2446 aa.
288 2393 402 2456 Suntne,
413 2394 460 2462 qui
472 2395 512 2446 sie
523 2391 679 2460 desipienti
698 2409 742 2448 ot·
754 2393 867 2460 Magna·

46 2479 115 2534 pars
127 2463 284 2516 hominum.
305 2477 352 2515 sn.
372 2461 427 2516 Sed
438 2465 498 2517 redi
510 2464 544 2516 ad
554 2479 670 2516 sacrum.
687 2477 729 2516 aa.
742 2461 860 2526 silicet,

46 2533 133 2601 adsto
146 2533 256 2585 vicinus
268 2532 355 2584 altari
361 2548 455 2595 sacro,
485 2549 538 2601 quo
550 2537 692 2601 percipere
702 2547 801 2600 queam
815 2547 860 2596 ea,
934 2543 938 2565 ¹

45 2619 119 2672 quae
131 2603 277 2676 sacrificus
287 2603 568 2669 recitat‚pracsertim
579 2601 727 2670 epistolant
740 2610 769 2654 et
780 2617 860 2658 ovan-

43 2674 189 2742 geliurnd
201 2673 244 2723 Ex
254 2669 297 2722 his
308 2669 413 2738 aliquid
425 2687 512 2724 conor
523 2672 685 2740 decerpere,
714 2671 788 2741 quod
799 2670 859 2720 inti·

47 2755 112 2809 garn
124 2742 225 2795 animo
236 2756 312 2809 meet
330 2741 359 2796 id
370 2757 477 2819 meeupn
488 2741 661 2810 aliquamdiu
670 2742 789 2795 ruurino.
809 2751 858 2788 un.

78 2813 171 2868 Erras.
188 2812 285 2864 'Coun
418 2819 429 2833 '‘
622 2811 649 2862 D
740 2814 743 2820 ’

389 3019 394 3046 i
