2126 3188
282 191 649 280 nucuursrrcns
810 195 867 278 zob
904 259 908 264 ,
976 189 979 194 ’

54 332 230 396 coniectare,
245 329 312 400 quid
326 341 399 382 esset
410 331 438 380 in
452 341 558 392 caussa.
596 330 686 392 Quum
698 329 746 382 diu
758 327 863 382 divina·
890 347 895 352 ·

53 411 115 458 tum
134 408 220 466 esset,
243 401 355 471 tandem
371 399 440 450 illud
457 399 533 450 uenit
551 400 580 449 in
601 405 721 462 mentem
734 401 863 462 Balbino,

53 490 121 527 num
133 487 187 540 quo
200 473 246 523 die
260 470 496 539 praetermisisset
507 467 606 519 audire
618 479 742 534 sacrum,
762 474 813 534 aut,
823 469 868 524 dit

55 559 120 596 cere
131 557 227 610 preces
239 542 379 602 horarias,
400 555 468 608 quas
480 546 595 604 ropant:
614 554 677 606 nam
690 537 760 590 nibil
771 555 863 597 succe·

55 611 176 667 derebis
188 613 309 662 «amissis.
339 612 380 676 lbi
391 612 534 677 impostor,
548 608 617 671 rem,
628 609 727 677 inquit,
740 622 790 676 aru
802 610 866 660 teti·

55 683 132 752 gisti.
155 682 203 733 Me
215 684 355 742 miserum,
367 679 453 742 semel
464 687 549 746 atque
561 681 662 744 iterum
675 679 704 730 id
715 677 867 729 admissum
947 685 953 693 “

56 760 102 818 est
113 767 164 819 por
174 751 345 802 oblivionum
355 767 362 814 3
374 757 403 802 et
415 763 530 816 nupera
542 749 653 816 prolixo
666 749 796 800 conuitio
808 760 867 798 sur·

55 820 249 888 gens,0blitus
261 837 321 872 sum
334 820 427 872 dicere
438 819 635 871 salutationem
650 818 783 886 Virginis.
795 817 868 868 Tum

54 890 202 952 Balbinus,
215 889 278 941 Nun
292 893 399 954 mirum,
412 890 514 958 inquit,
523 889 547 940 si
561 905 605 942 res
616 895 696 941 tanta
707 904 763 940 non
774 902 869 940 succes

56 957 109 1010 dit.
132 961 242 1033 Recipit
252 963 363 1024 artifex,
376 976 405 1012 se
416 976 467 1028 pro
480 959 685 1027 praetermissis
696 957 785 1011 sacris
798 957 869 1008 duo·
957 1009 966 1021 ,

56 1029 109 1093 bus
121 1029 268 1096 duodecim
281 1032 487 1094 auditurum,et
497 1046 547 1098 pro
558 1027 868 1085 unicasalutationede·

55 1101 328 1168 oemrepositurum.
351 1101 628 1166 Quunraleumistam
642 1099 791 1167 prodigum
805 1095 867 1158 sub·
956 1115 964 1122 ‘

54 1161 126 1232 iride¹
144 1169 294 1234 deiecisset
315 1171 447 1236 pecunia,
479 1187 531 1227 nec
551 1179 732 1238 suppeterent
753 1163 867 1240 petendi

57 1253 182 1300 caussae,
188 1241 300 1292 taudem
312 1240 383 1292 bane
394 1239 522 1303 teehnanr
534 1247 708 1302 corumentus
716 1245 770 1298 est:
782 1232 872 1297 rediit·

56 1307 170 1372 domum
183 1310 331 1374 admodum
344 1311 535 1372 exarrimatus,
557 1326 589 1366 ao
601 1326 668 1362 ruore
680 1306 867 1370 lamentabili,
908 1317 911 1321 ·
945 1349 948 1353 .

1 1385 2 1390 ’
55 1374 142 1440 Perii,
157 1379 255 1446 inquit,
272 1378 412 1444 funditus,
423 1373 552 1441 Balbine,
563 1380 648 1444 perii;
671 1385 763 1434 actum
776 1383 820 1428 est
833 1375 868 1444 de

28 1503 32 1507 ,
57 1447 151 1513 eapite
164 1463 234 1512 meu
264 1449 417 1515 Obstupuit
430 1447 576 1509 Balbinus,
586 1457 615 1499 et
628 1449 700 1510 tanti
712 1447 778 1502 mali
791 1445 868 1508 'caus-

55 1530 116 1567 sam
129 1517 229 1570 arebat
240 1525 418 1588 cognoscere.
440 1515 610 1571 subodorati
623 1524 697 1580 sunt,
708 1517 809 1584 inquit,
821 1531 868 1574 atr:
901 1534 903 1538 ·

58 1584 205 1653 liei,‘quod
220 1590 340 1656 egimus3
360 1606 412 1654 nee
423 1587 501 1640 aliud
514 1594 656 1654 exsperto,
667 1603 748 1655 quam
761 1595 868 1644 utmox

57 1653 182 1707 deducar
192 1658 218 1707 in
231 1674 381 1711 carcerem.
393 1659 432 1720 lid
446 1657 518 1708 hanc
528 1674 623 1720 rorem
637 1655 868 1738 expalluitetiarp

2 1758 3 1762 ,
56 1724 134 1793 perio
145 1726 289 1779 Balbinus.
318 1729 388 1780 Nam
400 1730 465 1790 seis,
477 1727 551 1794 apud
565 1743 616 1778 nos
627 1726 747 1794 capitale
758 1740 829 1786 esse,
843 1739 870 1780 st

58 1795 122 1863 quis
134 1796 335 1847 alcumisticam
348 1805 479 1862 exerceat
491 1798 595 1865 absque
608 1797 744 1864 principis
753 1794 870 1864 permir-

56 1879 100 1916 ιιι.
122 1863 217 1932 Pergit
228 1865 290 1915 ille:
311 1867 382 1928 Non,
392 1867 493 1933 inquit,
505 1874 600 1918 metuo
612 1873 746 1932 immte1n3
759 1866 870 1922 utinam

54 1933 111 1987 illa
122 1932 279 1998 contingat!
302 1941 397 1985 metuo
417 1936 547 2001 quiddam
560 1939 709 1996 crudelius.
746 1931 871 2003 Roganti

4 2013 5 2018 ’
56 2001 129 2071 quid
140 1999 194 2050 hoc
205 2007 294 2052 esset:
308 2001 419 2068 llapiar,
431 2005 530 2076 inquit,
542 2006 636 2072 aliquo
650 2009 675 2056 in
689 2007 799 2062 turrim:
811 2001 872 2061 illie

56 2084 230 2140 peromnem
244 2070 332 2132 uitam,
343 2085 428 2136 cogar
439 2071 481 2124 bis
494 2074 623 2124 laborare
634 2110 642 2138 ,
658 2075 758 2140 quibus
770 2087 826 2125 non
838 2071 872 2122 li·
940 2098 950 2103 -

56 2143 117 2194 bet.
154 2141 194 2192 An
206 2139 265 2190 ulla
276 2154 350 2190 nurrs
363 2148 413 2202 est,
432 2157 502 2215 quae
514 2159 568 2192 non
582 2143 675 2208 potior
687 2157 748 2194 esse
761 2140 873 2202 debeat,

59 2223 145 2278 quam
162 2209 229 2260 talis
241 2207 315 2260 ritui
343 2209 385 2271 lbi
397 2225 441 2262 res
453 2211 589 2264 ventilata
601 2219 644 2264 est
655 2208 872 2266 consultatione.

7 2347 8 2350 Ἴ
58 2279 212 2341 Balbinus,
233 2279 364 2348 quoniam
377 2280 499 2334 callebat
509 2289 598 2338 artem
610 2279 793 2348 rhetoricam„
813 2281 874 2348 pul·

7 2359 9 2382 ‘
60 2349 136 2401 savit
153 2351 252 2401 omnes‘
270 2355 375 2411 status,
396 2351 419 2402 si
437 2366 491 2418 qua
507 2351 660 2418 periculum
673 2349 760 2408 uitari
768 2358 872 2417 posset.

8 2437 10 2486 p
59 2417 125 2475 Non
140 2426 229 2485 putes,
241 2417 341 2486 inquit,
360 2418 481 2474 inficiari
492 2419 611 2474 crinreni
630 2411 674 2472 Ne
693 2436 821 2490 pappam,
832 2420 874 2474 ait

8 2487 9 2526 ³
32 2489 37 2494 '
59 2487 120 2540 ille.
146 2488 222 2540 lnter
233 2489 326 2555 regius
337 2491 476 2544 satellites
489 2507 532 2543 res
544 2505 641 2558 sparsa
653 2437 707 2544 ed:
729 2497 757 2546 et
769 2489 873 2560 hulieni

60 2565 238 2626 arguruentu,
257 2575 329 2626 quae
339 2560 407 2615 dilui
420 2577 474 2612 nun
487 2561 605 2630 possint.
622 2561 676 2614 *Ne
688 2559 801 2626 defendi
813 2562 872 2628 qui·

40 2640 42 2643 ’
61 2625 126 2679 dem
136 2625 402 2695 lactumputeratob
409 2631 498 2704 legem
508 2631 691 2688 nraniiestam.
700 2629 871 2692 Quummrul·

61 2697 143 2754 tisin
156 2699 277 2752 medium
290 2701 432 2766 adductis,
453 2700 522 2754 nihil
535 2702 675 2762 rideretur
685 2701 755 2758 firmi
767 2699 871 2768 νωθεί-

60 2764 118 2833 dii,
138 2768 252 2824 tandem
263 2772 428 2843 alounrista,
450 2776 493 2833 eui
504 2772 561 2831 iam
571 2789 641 2846 opus
656 2779 717 2834 erat
727 2762 870 2844 praeterii
