2160 3192
128 125 134 142 “
194 152 244 206 rso
357 119 603 212 rnoursrrm
629 144 686 198 na
708 142 819 197 erue.

194 253 397 306 collocavimus.
433 245 633 317 Postremo'ut
654 263 704 299 nos
721 249 1008 318 quoqueperpocni·

192 323 306 374 tentiam
326 319 430 372 mertui
452 318 653 384 peccetis‚'per
671 317 840 382 baptismum
862 333 918 368 una
938 333 1009 368 cuni

191 391 242 443 illo
254 389 364 455 sepulti,
376 385 424 454 pe'r
435 389 554 454 gratiam
566 386 626 437 cius
637 401 799 438 revocemur
818 385 854 436 ad
866 389 943 438 vitae
956 402 1009 437 no-

191 460 316 510 vitatem.
352 465 399 523 nus.
420 456 564 518 Credisne,
586 457 659 522 quod
686 456 761 506 idem
783 469 896 522 corpus,
925 456 1008 521 quod

110 523 124 562 s
159 591 163 597 .
191 537 333 581 mortuum
353 526 563 587 luititiorum,
590 525 663 591 quod
686 524 788 576 revixit
806 525 837 574 in
858 525 1007 591 sepulcro,

192 598 265 664 quod
276 597 362 646 risum
376 604 404 647 et
416 599 616 647 contrectatum
629 600 671 645 est
686 593 845 660 discipulis,
862 595 1006 645 subvexe-

191 667 231 718 rit
242 666 270 716 in
281 665 406 716 coelumi
428 680 472 715 un.
492 664 624 715 Maxime.
661 679 708 717 nu.
722 664 781 713 .Cur
801 663 892 713 voluit
911 665 1005 731 relin-

192 750 277 804 quere
288 733 396 786 terrast
416 749 460 784 aa.
480 733 714 796 Utillunromnes
725 732 911 798 spiritualiter
927 738 1011 784 ama·'

192 819 297 865 remus,
316 819 404 870 neque
415 803 557 870 quisquam
568 802 596 850 in
607 797 691 854 terris
710 802 764 852 sibi
775 801 915 870 Christum
936 816 1004 866 pro·

191 873 252 941 prie
268 873 440 935 vindicaret,
455 871 503 922 sed
515 885 608 925 coines
620 885 654 922 ex
665 885 753 936 aequo
764 871 929 922 tolleremus
942 870 1005 920 eni·

185 955 253 993 ¹mos
276 945 304 992 in
322 943 449 1003 eoelum,
480 941 599 992 scientes
611 940 670 990 illic
681 955 742 991 esse
757 947 838 1005 caput
859 945 1002 991 nostrum.

190 1012 311 1074 Etenim,
322 1013 345 1062 s'i
359 1019 432 1061 nu'nc
444 1011 568 1062 homines
585 1015 732 1075 tantopere
753 1010 808 1060 sihi
828 1010 944 1075 placent
964 1009 1001 1060 oli

192 1082 278 1134 restis
299 1079 421 1131 colorem
444 1094 477 1137 uc
498 1081 628 1147 figuram,
653 1094 792 1145 quumque
815 1083 854 1130 sic
882 1078 1000 1146 quidam

190 1154 335 1202 ostentent
346 1133 507 1214 sang‘ruinem
519 1156 568 1199 eut
580 1148 754 1215 praeputium
766 1147 883 1208 Christi,
913 1147 999 1199 etiae
1065 1173 1069 1178 ·

192 1217 291 1270 matris
297 1215 439 1282 ¹Virginis,
451 1218 517 1284 quid
528 1219 619 1268 credis
630 1217 762 1278 futurum,
774 1218 798 1267 si
808 1219 956 1268 mansisset
967 1212 1004 1268 in*

192 1287 276 1338 terris
297 1284 424 1348 vestitus,
448 1286 605 1349 comedens,
627 1287 761 1354 loquensi
779 1285 857 1347 Quae
878 1287 998 1340 dissidia

174 1399 178 1406 .
192 1362 337 1424 parassent
346 1356 402 1408 ista
413 1360 539 1422 corporis
554 1355 722 1422 peculiariai
741 1371 788 1408 nu.
799 1357 908 1416 Credis,
928 1354 996 1418 illic,

192 1425 406 1478 immortalitate
418 1427 559 1488 donatum,
569 1427 692 1477 assidere
704 1425 831 1477 dextrum
844 1425 933 1491 patrii
949 1422 998 1476 eal

194 1491 315 1557 Quidni?
343 1503 474 1547 utrorum
486 1496 605 1546 omnium
619 1496 768 1555 dominum,
780 1503 808 1546 et
818 1497 904 1545 totius
918 1494 996 1561 regni

164 1588 168 1604 ‹
194 1565 302 1630 paterni
314 1570 479 1614 consortem.
516 1564 648 1630 Hocipsc
666 1563 809 1630 discipulis
829 1565 996 1630 promiserat

194 1633 328 1689 futurum,
350 1638 432 1699 etque
443 1630 497 1682 hoc
510 1631 696 1698 spectaculum
719 1625 996 1700 exhibuitStephano

195 1701 317 1768 martyri
337 1717 397 1752 suo.
434 1716 481 1752 nu,
501 1704 554 1752 Cur
573 1699 627 1752 hoc
648 1700 788 1754 exhibuitl
820 1719 864 1753 ss.
884 1704 926 1754 Ne
948 1715 997 1753 nos

194 1770 254 1822 ulla
264 1774 291 1820 in
303 1787 333 1821 re
343 1770 560 1836 trepidaremus,
571 1773 650 1838 gnari
663 1787 742 1837 quam
755 1778 894 1838 potentem
907 1777 997 1837 patro-

193 1853 262 1888 num
273 1853 304 1888 ec
316 1839 455 1890 dominum
467 1823 617 1892 habeamus
629 1843 655 1890 in
666 1842 762 1891 coelis.
791 1857 838 1892 nu.
858 1841 955 1891 Credis
966 1839 998 1889 il·

194 1906 490 1973 lumeodenrcorpore
510 1909 673 1971 rediturum,
694 1917 726 1960 ut
744 1909 850 1960 iudicet
871 1911 948 1960 vivos
969 1914 996 1960 et

178 1984 181 1992 ’
195 1976 340 2028 mortuosl
352 1993 396 2030 aa,
404 1979 491 2038 Quam
505 1977 592 2031 habco
604 1985 718 2042 certum,
728 1976 927 2031 eesehaetenus
939 1993 996 2044 per-

116 2043 124 2052 “
196 2052 273 2108 acta,
295 2061 365 2113 quae
378 2047 533 2114 Prophetae
545 2050 578 2100 de
590 2047 701 2098 Christo
712 2048 922 2114 praedixerant,
939 2054 996 2098 tarn

195 2111 286 2168 habeo
300 2122 416 2180 certum,
435 2117 495 2170 fore
506 2117 637 2185 quidquid
646 2119 673 2168 in
683 2124 825 2184 posterum
838 2116 931 2168 voluit
941 2131 995 2166 ,nos

141 2227 144 2230 .
195 2193 365 2250 exspectare.
402 2187 483 2238 Prior
495 2187 628 2251 adventus
645 2185 783 2250 exhibitus
796 2194 837 2239 est
854 2187 935 2239 iusta
953 2201 997 2236 va·

193 2253 510 2321 ticurial'rophetarum,
522 2271 576 2324 quo
587 2257 663 2308 venit
674 2254 799 2318 humilis,
815 2263 846 2306 ut
859 2272 912 2306 uos
921 2257 996 2306 insti·

196 2329 333 2387 tueretac
353 2334 484 2378 servaret.
521 2323 706 2377 Exhibebitur
727 2332 756 2378 et
775 2326 923 2387 secundus,
946 2339 995 2391 quo

196 2392 290 2446 ¹veniet
300 2393 425 2462 sublimis
437 2395 465 2445 in
476 2395 566 2462 gloria
577 2397 676 2460 patris:
699 2402 763 2448 ante
780 2396 857 2445 cuius
879 2393 997 2445 tribunal
1030 2429 1034 2439 .

196 2459 257 2508 sisti
269 2468 403 2528 cogentur
414 2477 509 2514 onmes
520 2457 644 2515 homines
664 2467 848 2530 cuiuscunque
864 2465 996 2525 notionis,

173 2528 382 2596 ,cuiuscunque
403 2537 507 2598 status,
519 2582 521 2585 ,
533 2535 591 2585 sire
611 2548 703 2600 reges,
723 2535 780 2586 sire
802 2533 916 2600 plebeii,
942 2533 996 2584 sivo

197 2595 306 2659 Graeci,
326 2600 384 2649 sive
396 2597 530 2664 Scythae:
549 2616 601 2652 nec
615 2602 705 2653 solum
717 2601 753 2663 hi,
775 2600 843 2668 lpuos
865 2602 994 2654 adrentus

196 2663 245 2719 ille
256 2664 444 2738 deprehendet
454 2668 541 2736 viros,
559 2673 879 2734 verumetiamumnes,
899 2671 947 2740 qui
961 2660 1015 2736 uir,
