2150 3198
188 295 195 301 ,
255 203 640 313 munumentum
751 222 755 248 ¹
813 235 865 293 113

58 336 130 392 nibil
140 340 205 390 erat
215 335 319 389 initio?
337 351 384 389 uu.
394 335 471 390 Nihil
480 351 602 406 unquam
614 343 803 408 tempestatis3
814 342 864 395 sed

56 415 164 470 tamen,
186 413 219 458 ut
229 408 261 458 fit
271 408 345 457 inter
355 406 479 459 homines
486 446 494 472 ,
505 411 700 474 nonnunquam
712 413 865 464 nubeculae
898 410 904 416 “

57 477 407 546 quaedamohoriobantur,
415 493 485 545 quae
493 484 625 545 poterant
636 480 749 544 gignere
760 487 864 549 tempe-

58 551 178 610 statem,
200 546 253 597 nisi
271 546 469 614 commoditate
480 561 588 598 morum
601 547 701 597 fuisset
712 561 865 602 occursum.
938 551 945 560 '

43 651 45 657 ,
58 617 153 669 Habet
164 629 230 666 suos
243 617 358 683 quisquo
370 631 480 684 mores,
496 625 525 668 ct
535 620 579 668 est
588 626 639 666 sua
649 615 747 682 ouiquc
758 623 866 669 senten-

57 687 116 738 tia:
137 691 179 747 et,
190 687 214 735 si
225 700 321 736 verum
335 685 417 738 fateri
428 687 554 737 volumus
564 721 572 747 ,
584 691 648 736 sunt
658 699 709 736 sua
721 687 819 752 cuique
829 688 867 736 vi·

58 758 112 806 tia:
136 755 384 822 quaesiusquarn,
413 757 535 806 certe'in
557 755 738 805 matrimonio
759 755 868 806 novisse
955 762 966 769 “
1061 793 1062 801 ,

59 831 185 892 oportet,
196 840 252 876 non
264 825 366 876 odisse.
384 838 428 875 xl.
440 823 526 876 Recte
539 837 645 877 mones.
657 837 705 876 uu.
716 824 762 876 Fit
774 827 867 876 autem

59 895 238 961 frequenter,
265 901 297 944 ut
318 894 440 944 dissiliat
460 893 657 944 benevolentia
678 899 775 944 mutua
794 893 868 944 inter

58 965 192 1016 maritum
205 971 233 1014 et
245 977 379 1026 uxorem,
405 969 551 1028 antequam
563 961 727 1013 alteralteri
739 963 807 1014 satis
818 978 867 1014 no·

58 1039 105 1084 tus
116 1034 163 1084 sit.
182 1032 214 1084 ld
224 1039 266 1084 est
276 1035 305 1084 in
317 1034 414 1099 primis
425 1033 585 1084 carendum.
617 1030 708 1084 Semel
720 1033 790 1083 enim
803 1039 867 1084 orta

60 1103 213 1164 simultate,
226 1117 309 1169 aegre
320 1104 439 1154 sarcitur
450 1103 548 1170 gralia,
559 1103 728 1168 praesertim·
737 1102 761 1153 si
772 1119 818 1154 res
830 1102 865 1154 ad

48 1172 490 1238 ·ntrocinconvicinpronesserit.
526 1171 606 1232 Quae
621 1171 730 1238 glutino
741 1174 866 1224 commit-

59 1246 173 1303 tuntur,
183 1241 205 1292 si
217 1245 311 1293 statim
323 1245 480 1304 concutias,
500 1240 584 1293 facile
596 1240 801 1293 distrahuntur:
823 1257 866 1294 ee·

60 1316 153 1364 terum
164 1311 212 1362 ubi
224 1311 328 1362 siccato
347 1313 456 1378 glutino
474 1311 562 1363 semel
579 1310 766 1374 cohaeserint,
798 1310 867 1365 nibil
889 1361 895 1369 ,
985 1329 989 1338 ’

62 1377 178 1432 firmius.
187 1419 189 1424 ,
198 1377 319 1432 Proinde
331 1383 358 1432 in
370 1383 452 1433 initio
464 1379 532 1431 nibil
543 1392 598 1430 non
610 1379 776 1441 faciendum,
786 1387 818 1430 ut
828 1382 868 1430 in·
901 1440 907 1446 ἱ

60 1457 105 1503 ter
114 1465 233 1502 uxorem
243 1459 272 1502 et
282 1447 564 1503 maritumcoalesnat
576 1450 810 1514 confirmeturque
821 1451 874 1502 be·-

26 1541 27 1544 ¹
60 1520 228 1572 nevulentia.
248 1521 279 1571 ld
292 1523 409 1572 maxime
420 1521 452 1572 lit
464 1521 607 1592 obsequio,
618 1531 782 1586 monumqus
792 1527 867 1568 eom:

61 1590 208 1642 moditate.
227 1589 298 1654 Nam
308 1590 510 1653 benevolentia,
531 1603 602 1656 quae
614 1587 676 1640 sola
686 1589 794 1639 dirmuc
806 1601 867 1654 gra·

61 1659 295 1722 tinconciliatur,
311 1660 399 1712 ferme
410 1661 580 1726 temporaria
591 1663 641 1710 est.
659 1663 704 1710 xs'.
717 1657 771 1709 Sed
781 1671 869 1709 narra
888 1695 890 1699 -

61 1731 141 1783 nobis
148 1766 158 1792 ,
178 1729 307 1793 obsecro,
327 1731 427 1797 quibus
439 1731 544 1781 artibus
555 1725 726 1795 pertraxeris
737 1727 867 1777 maritum

59 1801 96 1851 ad
107 1805 174 1852 tuos
184 1813 284 1850 moress
303 1814 349 1850 uu.
360 1798 461 1850 D-icnm
473 1801 502 1850 in
514 1796 580 1861 boo,
589 1805 622 1848 ut
632 1797 760 1848 imiteris.
780 1809 824 1847 111.
838 1795 867 1847 Si
889 1795 892 1802 “

59 1883 168 1937 queam.
186 1881 234 1921 uu.
245 1869 419 1920 Facillimum
430 1867 484 1920 erit
491 1867 542 1931 ,si
553 1867 636 1938 velis3
658 1879 710 1918 noe
720 1863 812 1917 adhuc
824 1879 868 1918 se·
924 1874 929 1882 ’

5 1977 6 1980 ,
59 1953 121 1990 rum
135 1943 187 1990 est.
224 1938 296 1990 Nam
312 1944 341 1990 et
353 1939 400 1990 ille
411 1939 521 1989 iuvenis
534 1942 591 1999 est,
611 1941 641 1988 et
654 1941 685 1988 tu
706 1935 812 2002 puellm
835 1949 867 1986 ae

60 2008 183 2059 nondum
195 2023 291 2070 annus,
303 2009 409 2074 opinor,
415 2007 544 2073 expletus
556 2011 600 2058 est
610 2021 627 2058 a
637 2007 749 2072 nuptiis.
760 2002 867 2056 111111-

60 2075 258 2145 rapraedioas.
287 2092 333 2129 uu.
353 2077 452 2128 Dicam
463 2077 565 2145 igitur,
586 2075 790 2128 sedtaeitumo:
821 2086 867 2125 xl.

60 2147 193 2199 Maxime.
220 2160 267 2197 un.
282 2146 335 2198 llla
345 2149 436 2214 prima
446 2145 516 2197 mibi
527 2144 678 2208 emeruit,
697 2143 767 2194 utin
780 2143 868 2194 ornul-

2 2269 3 2280 ,
59 2216 111 2268 bns
122 2231 213 2268 essem
222 2215 344 2268 iucunda
354 2219 473 2280 marito,
483 2231 517 2266 ne
529 2213 595 2281 quid
607 2219 697 2274 esset,
707 2209 780 2278 quod
791 2211 868 2284 illius¹
956 2225 959 2231 ¹

60 2288 183 2338 animum
194 2284 364 2337 offenderet:
378 2285 560 2338 observbbum
568 2283 701 2334 ellectum
713 2295 745 2333 uc
756 2292 868 2333 sensum

60 2355 150 2420 illius3
173 2356 354 2408 observabam
367 2361 395 2408 et
405 2362 548 2421 tempora,
559 2359 588 2404 ct
597 2351 695 2420 quibus
706 2352 789 2404 rebus
800 2350 869 2403 deli·

60 2426 183 2488 dicetur,
205 2425 306 2493 quibus
322 2425 497 2486 irritaretur,
525 2421 758 2491 quemadmodum
776 2419 868 2474 facere

61 2496 153 2549 solent
163 2496 201 2559 ii,
229 2497 276 2562 qui
293 2493 456 2562 elephantos
467 2494 753 2554 seleonescicurnnt,
772 2496 821 2542 aut
833 2489 869 2541 si·
911 2514 914 2521 ·

60 2567 137 2618 milia
147 2566 314 2628 animantia,
333 2564 443 2633 quaeri
454 2563 581 2630 coginon
592 2567 714 2628 possunt.
734 2571 777 2611 xl.
798 2559 868 2614 'l'ale

2 2669 3 2698 3
61 2635 165 2688 euimal
175 2633 245 2685 1111111
253 2634 327 2685 dorni
335 2639 387 2685 est.
398 2633 623 2694 uudluiadeunt
633 2630 805 2698 elephantos,
813 2643 868 2679 non

2 2701 3 2718 ¹
62 2701 461 2774 gastunb‘restemcandidnm
473 2716 523 2752 neu
534 2701 690 2768 puniceam,
698 2701 744 2768 qni
755 2703 867 2749 taurese
883 2726 886 2727 ν

2 2808 3 2824 1
62 2775 135 2844 quod
144 2773 343 2830 discoloribus
355 2777 528 2840 compertum
542 2765 855 2824 siieauuimantinello
921 2769 933 2782 ‘
