2150 3198
199 205 247 256 ης)
514 180 673 238 UXOR¹
727 179 757 227 ff

181 289 369 354 concuteris.
381 288 484 344 xmllle
495 287 621 341 forocior
631 291 807 353 est‚quamut
816 286 885 340 ullis
896 285 997 341 officiis

191 368 376 421 mansuescat.
398 375 442 414 uu.
453 359 520 421 Eia,
539 373 574 410 ne
584 345 706 410 diieris..
716 357 801 412 Nulla
812 364 857 426 est
865 358 928 410 fera
938 365 998 411 tam

191 431 334 494 immunis,
354 431 420 498 quin
433 429 532 481 officiis
543 429 694 489 cicuretur;
716 442 751 478 nc
765 426 896 493 desperes
907 428 936 478 in
950 428 999 479 ho·

190 501 275 552 mine.
293 500 351 553 Fue
361 499 514 567 periculum
526 511 634 550 menses
646 496 767 562 uliquot;
784 511 828 548 mc
838 511 948 558 scursa,
960 497 999 549 ni·
1025 517 1030 522 ·

115 571 121 635 ἶ
190 571 216 624 si
227 571 347 622 senseris
358 569 505 622 consilium
516 566 568 618 hoc
578 566 630 618 tibi
641 565 729 616 foisse
740 565 824 616 boner.
835 566 906 617 Sunt
912 570 999 618 utinm

191 638 422 708 quaedamvitia,
440 635 621 705 adquuetibi
633 635 831 687 connivendum
849 642 901 688 est.
924 635 998 687 lllud

136 699 149 720 '¹
192 716 257 762 unte
268 711 364 762 omnia
374 708 429 760 tibi
440 706 592 760 cavendum
603 717 717 766 censeo,
730 719 764 757 ne
778 703 843 771 quid
853 707 932 757 rixae
943 720 1000 756 nro·

191 794 257 832 reas
267 781 296 831 in
307 778 447 839 cubiculo,
463 782 512 828 aut
523 776 553 827 in
563 776 652 827 lecto:
672 775 721 826 sed
732 775 884 825 curandum
896 779 955 837 ast,
968 779 1001 825 ut
1017 799 1023 804 -

192 848 355 902 illicomnia
363 847 418 900 sint
429 845 531 898 festiva
543 842 715 896 acincunda.
723 844 834 897 &enim
845 844 868 894 si
877 843 999 906 islocus,

192 913 1000 988 quidiluendisoffenris,sarciendaequegratiaeeonsecra·

191 989 358 1052 turrestlits
369 994 418 1040 aut
429 984 604 1055 aegritudine
616 983 744 1052 quapiam
756 981 932 1049 protentum
943 984 1000 1033 iam

193 1057 334 1110 sublatum
346 1063 481 1110 attumne
493 1055 646 1108 remedium
656 1052 865 1106 benevolentiae
877 1052 1002 1104 reconci-

190 1127 314 1182 liandae.
325 1125 396 1178 Sunt
407 1126 481 1178 onim
494 1124 635 1177 foeminae
647 1122 782 1189 quaedam
792 1127 849 1175 tum
861 1135 1001 1184 morosae,

193 1204 226 1248 ut
235 1196 265 1247 in
274 1195 335 1261 ipso
347 1194 432 1246 etiam
444 1193 521 1248 coitu
537 1199 688 1260 querantur
703 1208 737 1245 sc
756 1193 895 1252 rixentur,
926 1203 1001 1242 eam·

196 1277 251 1334 que
273 1265 459 1332 voluptatem,
480 1279 551 1332 quae
569 1263 675 1314 diluere
687 1263 761 1315 solet
771 1275 805 1314 ex
816 1261 916 1313 animis
927 1260 1002 1311 viro·-

195 1347 272 1396 rum,
293 1333 393 1402 siquid
405 1335 498 1387 inerat
509 1333 668 1395 molestiae,
687 1345 795 1383 morum
811 1329 926 1383 fastidio
937 1330 1001 1391 red,

197 1403 265 1456 dant
275 1403 417 1462 insuavem
429 1421 436 1468 ς
456 1403 636 1471 pharmacum
647 1402 738 1469 ipsum
749 1402 897 1462 vitiantes,
914 1415 1002 1468 quum

196 1471 324 1528 licuisset
336 1472 442 1526 mederi
453 1473 577 1527 offensis.
613 1486 658 1524 xr.
672 1472 748 1523 lstud
759 1470 826 1524 mihi
838 1469 1003 1538 frequenter

198 1541 307 1596 accidit
322 1557 372 1596 uu.
382 1543 466 1610 Atqui
477 1540 591 1594 temetsi
602 1555 711 1608 semper
719 1547 763 1593 ¹est
771 1539 924 1592 cavendum
934 1554 1003 1592 uxo·

196 1613 237 1675 ri,
257 1627 294 1664 ne
305 1626 361 1680 qua
369 1626 400 1664 re
409 1610 529 1664 molesta
538 1611 576 1662 sit
586 1612 659 1673 viro,
669 1617 762 1664 tamea
774 1611 802 1663 id
813 1609 932 1662 maxime
943 1617 1002 1662 stu·

199 1682 265 1735 dere
283 1681 381 1744 debet,
398 1684 515 1734 utinen
528 1693 678 1747 congressu
689 1691 719 1732 se
729 1682 790 1734 siro
799 1681 934 1748 ,praebeat
944 1694 1004 1731 mo·

100 1752 104 1758 '
189 1751 242 1803 dir
253 1753 380 1804 omnibus
391 1749 563 1802 commodam
575 1751 772 1802 etiucundam.
790 1766 834 1803 xr.
845 1749 931 1802 Viros
952 1748 1004 1800 mi·

196 1819 228 1874 hi
239 1836 300 1872 cum
312 1820 407 1872 bellun
419 1835 462 1872 res
472 1827 523 1872 est.
541 1833 589 1871 uu.
601 1819 685 1872 Mitte
695 1819 769 1872 mule
780 1820 870 1888 loqui:
882 1819 941 1872 sere
954 1835 1004 1870 no·

197 1895 258 1942 stru
268 1889 349 1957 eulpa
358 1889 409 1940 riri
422 1889 490 1943 mali
502 1896 575 1940 surrt.
592 1887 648 1941 Sed
661 1897 692 1941 ut
703 1889 737 1941 ad
749 1905 808 1942 rem
818 1889 945 1942 redeam:
957 1887 1005 1958 qul

197 1959 385 2013 versanturin
396 1961 495 2026 priscis
507 1958 611 2012 fabulis
627 1962 788 2025 poetarum,
816 1965 932 2011 nunant
949 1960 1004 2012 Ve-

196 2045 292 2084 nerem
303 2033 377 2096 (eam
389 2029 499 2082 faciunt
507 2029 588 2084 deam
599 2030 728 2081 connubii
740 2029 909 2096 praesidem)
920 2028 1004 2082 hane

197 2106 345 2154 recentum
353 2106 417 2164 arte
427 2097 546 2152 Volcani
556 2097 730 2150 conlectum:
757 2099 786 2150 in
812 2115 846 2152 eo
862 2100 1004 2151 intertum
1060 2115 1063 2118 ·

197 2187 259 2224 csse
268 2169 404 2240 quidquid
417 2175 460 2222 est
470 2167 602 2222 amatorii
613 2168 821 2220 medicamenti:
842 2182 877 2221 eo
898 2184 929 2220 se
945 2170 1005 2219 cin·
1072 2225 1074 2228 ,

196 2242 255 2308 git,
275 2241 448 2306 quotiescun
464 2252 582 2291 sessura
594 2242 638 2288 est
647 2253 709 2290 cum
721 2239 833 2290 marito.
852 2253 896 2290 xr.
915 2238 1007 2290 Fabri·

196 2309 357 2360 lamaudio.
375 2323 423 2360 au.
442 2253 561 2370 &erum
584 2306 726 2371 sedandi,
745 2306 1007 2374 quidribirelitla·

196 2377 272 2430 bula.
290 2375 408 2428 xn.Dir„
426 2392 474 2430 uu.
495 2377 568 2428 lllud
579 2374 676 2439 docet,
696 2392 812 2430 uxorem
834 2392 943 2429 omnem
960 2392 1007 2428 cu·

132 2463 134 2470 ¹
166 2487 172 2496 ,
195 2461 257 2498 rum
267 2444 399 2507 adirilsere
410 2452 553 2512 oportere,
576 2446 650 2497 utin
668 2461 820 2514 congressu
842 2445 1005 2508 connubiali

87 2575 98 2592 l
195 2514 491 2578 iucundissimarum
513 2530 567 2582 quo
582 2516 736 2568 recalescet
749 2531 780 2568 ac
792 2517 1006 2584 redintegretur

197 2599 275 2636 amor·
286 2584 334 2636 illu
346 2585 498 2647 diurnalis,
519 2592 548 2636 et
558 2583 724 2636 disoutiatur
736 2601 771 2638 ex
783 2586 888 2648 arrium,
899 2587 923 2636 si
936 2584 1005 2652 quid

197 2661 257 2706 erut
268 2653 431 2706 offensionis
442 2660 493 2706 aut
502 2653 598 2711 taedii.
611 2667 656 2704 xs.
668 2655 722 2717 Sed
731 2655 806 2706 unde
818 2654 898 2706 nobis
911 2661 1005 2711 cestus

197 2722 264 2776 illel
301 2739 348 2775 uu.
369 2721 447 2776 Nihil
469 2735 540 2788 opus
556 2723 696 2775 ueneficiis
713 2733 760 2776 aut
776 2726 1004 2778 irncarrtameutis.
1063 2771 1073 2791 ,1
