2160 3192
200 196 253 252 κιο
303 182 637 242 raonnscnnrrs
656 162 710 236 nr
739 179 904 235 sconrr.

168 323 174 327 -
199 299 226 348 in
243 291 362 353 insulas,
383 296 434 342 aut
449 290 609 357 relegantur
619 286 653 338 ad
669 289 809 338 extremos
820 286 896 337 orbis
907 284 1012 336 barba·

198 379 255 425 ros,
276 359 330 412 hoc
345 368 376 411 tu
387 360 439 411 tibi
454 364 552 425 tuapte
566 362 664 422 sponte
675 358 826 422 sumpsisti.
856 369 904 406 nu.
919 355 1011 417 Quid

198 447 263 486 nam
275 437 318 484 est
328 430 406 482 istud
416 430 427 480 t
450 444 492 482 so.
506 430 553 483 ,An
566 444 619 480 non
627 432 727 490 sponte
738 426 907 476 renuntiasti
918 423 1011 475 omni·

197 501 250 552 bus
263 500 424 562 affectibus,
446 499 541 566 patri,
563 497 661 556 matri,
680 494 831 556 iratribus,
853 493 1011 559 sororibus,

199 571 319 632 amitae,
331 576 516 630 materterae,
537 566 696 633 ceterisque
708 578 890 631 quoscunque
900 563 954 614 tibi
964 580 1012 616 nas

197 647 263 694 tura
276 637 437 691 coniunxitl
454 637 526 689 Nam
538 643 566 688 et
577 637 642 687 illos
653 630 695 686 tui
707 635 801 701 pudet,
820 649 871 684 nec
882 639 914 684 tu
925 634 1012 684 susti-

198 725 250 762 nes
261 709 289 760 in
300 703 413 760 illorum
424 709 520 760 venire
533 711 721 774 conspectum.
753 719 805 774 nm
812 704 871 754 lmn
883 698 1011 771 feliciter

200 779 369 832 commutavi
381 777 499 830 allectus
511 791 603 826 meos:
625 790 675 842 pro
688 774 783 842 paucis
796 773 869 825 enim
879 788 953 824 tinne
964 771 1013 824 ha·

198 849 254 902 beo
266 849 412 915 plurimos,
433 861 549 916 quorum
564 853 594 896 tu
606 849 636 897 cs*
647 859 733 906 unias,
755 842 823 894 mihi
834 842 932 894 fratris
945 843 1011 897 loco

173 933 181 943 ·
199 933 314 985 ecnrpcr
326 911 447 970 habitus.
479 931 521 968 so.
533 915 716 974 Mittaturne,
735 927 770 965 ec
781 927 839 964 rem
850 913 938 979 ipsam
950 949 959 976 ,
980 918 1012 966 nt

200 983 301 1050 habet,
323 987 448 1056 expende
461 987 546 1039 serio.
573 988 720 1049 Quaeram
731 982 834 1034 multos
846 981 931 1034 habet
944 983 1012 1034 anri-

155 1079 164 1087 ·
201 1072 259 1121 cos,
280 1073 313 1110 ca
324 1057 431 1108 nullum
443 1055 527 1124 babet
537 1057 665 1116 anticam,
677 1051 744 1103 mibi
756 1053 853 1114 crede,
865 1053 1012 1106 Lucretia.

199 1126 273 1180 Nam
290 1127 338 1194 qui
349 1127 385 1178 ad
396 1131 424 1177 te
435 1131 605 1186 commeant,
625 1120 798 1184 nominabant
818 1130 847 1174 te
868 1136 919 1188 pro
941 1123 1012 1174 ami-

182 1212 252 1257 .ca,
271 1195 320 1246 sed
333 1209 384 1261 pro
397 1196 503 1247 matula
514 1196 613 1262 potius.
648 1192 720 1244 Vide
732 1208 786 1262 qun
797 1199 826 1244 te
836 1192 927 1258 ipsam
938 1193 1013 1246 deic-

200 1267 287 1330 ceris,
306 1267 416 1317 misera.
446 1265 573 1316 Christus
584 1272 612 1315 te
624 1269 681 1315 tam
693 1278 786 1315 earam
797 1261 910 1325 imbuit,
930 1269 963 1314 ut
983 1270 1013 1316 te

200 1349 252 1386 etro
264 1334 403 1402 sanguine
416 1335 575 1398 redemerit,
596 1339 627 1384 ut
642 1339 670 1384 te
686 1334 815 1385 coelestis
826 1331 1013 1385 haereditatis

201 1410 361 1456 consortem
375 1421 435 1462 esse
448 1405 582 1466 voluerit3
606 1408 676 1454 ettu
688 1402 798 1455 tefanis
819 1402 943 1454 cloacam
967 1417 1015 1470 pn-

200 1473 315 1538 blicam,
327 1475 361 1526 ad
372 1490 453 1541 quam
464 1478 626 1526 commeant
637 1472 755 1539 quilibet
765 1471 886 1534 sordidi,
898 1473 1014 1538 impuri,

168 1587 173 1596 ,
201 1543 341 1606 scabiosi,
357 1557 489 1609 suamque
500 1542 662 1608 spurcitiam
674 1542 702 1592 in
712 1548 740 1596 te
752 1548 914 1610 repurgant.
931 1541 1015 1604 (lund

201 1614 228 1666 si
239 1613 360 1664 nondum
373 1612 433 1662 eius
443 1614 537 1677 leprae
549 1611 728 1680 contagium,
745 1627 827 1680 quam
838 1618 943 1664 vocant
954 1627 1013 1663 sea·

201 1683 278 1736 biem
300 1681 500 1747 llispanieam,
523 1681 618 1748 attigit
635 1687 686 1742 te,
703 1696 758 1732 noir
770 1683 815 1734 diu
828 1681 1014 1748 poterisrliu·

202 1767 279 1820 gere.
302 1749 417 1813 Quodsi
429 1751 486 1811 tint,
501 1751 569 1817 quid
580 1758 608 1802 te
617 1749 772 1814 infelicius,
794 1752 907 1804 etiamsi
918 1751 1015 1804 celera
1078 1757 1079 1820 l

203 1825 297 1874 essent
306 1819 440 1882 secunda,
463 1827 529 1886 puta
539 1837 584 1872 res
595 1826 623 1873 et
634 1818 729 1872 sarria!
763 1821 837 1885 Quid
858 1820 934 1872 aliud
947 1823 1014 1886 eris,
1078 1829 1079 1844 ¹

204 1905 287 1960 quam
298 1889 392 1940 rivum
404 1888 545 1942 cadaveri
574 1892 660 1942 Matri
676 1893 839 1959 gravabaris
855 1906 916 1942 csse
929 1893 1015 1944 mori·
1078 1951 1079 1954 Ἴ

203 1973 286 2026 gera,
330 1974 403 2010 nurrc
427 1961 518 2012 serris
542 1961 623 2013 lenae
645 1962 835 2027 turpissimae.
879 1961 1015 2014 Parentis

201 2031 304 2102 audire
317 2030 434 2082 ‘nronita
454 2030 603 2093 taedebat3
633 2029 696 2083 heic
711 2048 797 2102 saepe
814 2031 867 2084 tibi
877 2034 1015 2098 vapulan-
1077 2035 1079 2096 j

202 2099 267 2153 dum
281 2106 325 2154 est
336 2102 371 2154 ab
387 2100 472 2152 ebriis
488 2107 517 2152 et
527 2102 631 2152 insanis
643 2104 855 2155 scortatoribus.
892 2101 1014 2170 Pigebat
1077 2115 1079 2166 t

202 2170 311 2237 aliquid
322 2171 415 2239 operis
427 2171 520 2223 lacere
537 2171 628 2232 donri,
648 2187 702 2240 quo
723 2173 827 2226 rictum
844 2187 1013 2241 quaererem
1078 2171 1079 2214 i

201 2238 265 2291 licie
277 2256 345 2306 quos
355 2241 508 2303 tumultus,
532 2256 602 2308 quae
618 2242 924 2310 pervigilia-sustines!
963 2259 1014 2298 no.

201 2308 282 2361 Unde
295 2310 374 2360 nobis
386 2309 431 2363 bic
443 2310 625 2363 concionator
636 2312 741 2364 nnvnsl
767 2327 809 2366 so.
831 2313 889 2364 lam
902 2311 1014 2366 mihist
1078 2367 1079 2371 ,

200 2377 271 2430 illud
282 2376 327 2429 fac
344 2380 460 2446 cogites.
489 2382 544 2434 iste
557 2381 663 2434 formae
674 2381 740 2445 lios,
761 2383 806 2450 qui
819 2383 870 2434 tibi
879 2383 1014 2436 conciliat
1077 2421 1078 2448 ,

202 2452 359 2508 amatores,
379 2449 460 2500 brevi
471 2450 630 2504 defluxerit.
654 2451 727 2514 Quid
739 2458 796 2503 tum
808 2450 907 2514 facies,
930 2455 1012 2506 mise·

201 2516 252 2569 ral
272 2513 355 2576 Quod
365 2520 572 2584 sterquilinium
583 2527 613 2573 te
624 2520 710 2575 fuerit
721 2521 875 2574 abiectiusi
895 2521 961 2575 Fies
977 2538 1012 2576 cx

193 2587 350 2639 meretrice
360 2584 434 2638 lena
448 2588 511 2640 Non
522 2591 649 2642 omnibns
661 2594 797 2662 contingit
808 2593 864 2644 ista
874 2593 1011 2661 dignitas:

203 2664 233 2710 et
243 2657 267 2708 si
278 2655 436 2722 contingat,
447 2658 513 2722 quid
524 2659 706 2723 sceleratius,
716 2669 765 2714 aut
776 2663 840 2728 quid
852 2661 1011 2716 diabolicae
1077 2711 1078 2718 ,

1076 2657 1078 2704 l

203 2725 329 2782 malitiae
338 2724 535 2781 viciniustnu.
545 2728 622 2782 Vera
631 2732 760 2795 sunt,mi
770 2730 926 2800 sophroni,
949 2749 1001 2801 pro
1076 2729 1078 2796 ἵ

1075 2815 1078 2906 l

985 2939 987 2950 Ι
1077 2915 1078 2936 l

1075 2955 1078 2996 Ι
