2150 3198
212 189 267 282 sa
352 225 604 283 coavivium
628 227 872 282 PROFANUM.

213 322 1028 403 RomanumolimCaoitoliumdefenderuntcmVei-isimil
1070 321 1071 328 ἵ

212 404 611 472 le(itaineDeusamet)dicis:
621 413 683 455 nain
696 419 729 456 ex
741 421 775 457 eo
787 405 880 456 seculo
892 405 1025 456 relictum

215 475 346 527 arbitror.
363 489 426 526 uus.
439 475 517 526 llaec
528 489 636 544 quoquc
648 475 755 541 gallina
767 481 815 526 aut
826 490 939 542 parcum
953 474 1025 542 sagi·

215 549 343 597 notorem
356 543 469 606 habuit,
489 546 665 606 autumavit,
688 551 737 598 aut
752 552 827 598 certe
839 545 976 612 zelotypa
985 544 1026 594 vi·

215 616 272 677 uit,
293 627 348 680 quo
364 615 475 682 quidem
491 616 589 666 morbo
606 613 659 666 hoc
675 616 826 668 animantis
836 629 924 682 genus
938 616 1025 666 maxi·
1070 663 1071 666 ,

215 698 261 736 me
272 683 391 736 laborat.
422 683 478 734 llio
489 699 574 751 oopus
585 684 669 754 longe
680 686 781 736 melius
792 687 914 754 pinguit.
942 683 1026 746 Vide,
1070 679 1071 688 ’

216 768 299 805 curae
321 753 388 821 quid
409 751 523 805 iaciant.
553 755 633 816 Quod
649 755 672 816 si
688 771 723 807 ex
734 755 912 808 Theodouico
925 759 1025 806 nostro

216 822 300 874 Gallo
312 822 467 874 laceremus
479 839 591 892 capum,
612 826 702 876 multo
716 826 799 878 citius
816 825 1026 892 pinguesceret.
1069 853 1071 878 i

217 906 267 944 uu.
297 891 430 946 Nonsum
447 893 547 962 gallus.
585 909 650 946 nuc.
670 895 788 960 Fateor,
810 911 866 946 non
884 894 1027 946 esGallus
1069 939 1071 966 a

217 961 352 1029 Cybeles,
381 979 470 1031 ueque
485 963 576 1030 gallus
587 965 774 1031 gallinaceus,
794 971 824 1016 ut
839 964 914 1017 forte
926 963 1027 1014 Gallus
1070 979 1071 1012 l

216 1030 369 1098 gallaceus.
388 1048 435 1085 ou.
456 1033 530 1094 Quin
543 1033 597 1084 lioc
607 1033 687 1086 verbi
697 1035 757 1086 esti
776 1050 839 1087 suo.
856 1035 920 1085 Hoc
931 1033 1028 1101 aenig·
1069 1021 1071 1074 Ι

165 1117 167 1124 ·
215 1102 1028 1172 statibiconiectandumrelinquo:egoSphingempuaestiss
1069 1113 1071 1182 4

216 1171 249 1231 ti,
257 1176 288 1220 tu
300 1171 425 1237 Oedipus
436 1179 506 1224 esto.
519 1173 697 1225 enniconis
706 1175 846 1237 bonafide,
857 1173 1028 1240 Augustiue3
1069 1195 1071 1244 4

216 1239 428 1291 nullatibicum
441 1241 532 1293 Gallis
546 1258 666 1310 unquam
685 1239 947 1295 luit'nccessitudo'l
978 1241 1027 1292 Ni·
1069 1249 1071 1300 ζ

215 1306 291 1360 hilne
306 1309 450 1362 affinitatis
461 1311 511 1363 tibi
529 1329 592 1364 ouon
604 1312 693 1364 Gallis
706 1311 888 1365 contraxisti!
911 1311 1027 1364 Nullum
1065 1313 1071 1364 i

217 1376 275 1430 iuit
286 1381 503 1433 commerciumi
522 1399 586 1434 sus.
599 1381 691 1444 Nihil,
703 1383 773 1433 nihil
784 1397 860 1434 sane.
891 1395 940 1432 cu.
954 1379 1029 1431 Tan·
1062 1401 1071 1436 o

204 1452 248 1499 ‚to
260 1465 289 1500 es
300 1453 427 1519 nequior.
445 1465 509 1503 suc.
529 1452 585 1504 Sed
596 1467 657 1503 oum
669 1449 953 1504 Gallabusnonnihil.
979 1442 1026 1501 cii.
1070 1451 1071 1480 ³

216 1515 338 1574 Libetne
358 1521 392 1572 de
409 1521 503 1572 iecore
518 1520 670 1573 anserino?
699 1523 779 1586 Quod
791 1519 864 1589 dpud
875 1526 985 1572 veteres
997 1519 1025 1569 in
1069 1581 1071 1584 Ι

219 1587 329 1640 deliciis
342 1606 402 1640 cum
415 1591 511 1655 printis
524 1591 689 1642 habebatur.
720 1609 784 1644 suo.
805 1592 865 1642 Non
882 1605 942 1640 sum
956 1589 1027 1641 reie-

220 1665 324 1721 cturus,
332 1658 405 1726 quod
414 1675 431 1709 a
442 1661 701 1714 tuamanuuenenit.
713 1661 829 1713 cmNon
840 1666 891 1722 est,
900 1659 1028 1728 quodeu-

217 1730 330 1794 spectes'
339 1729 481 1780 Romanas
494 1731 616 1782 delicias.
632 1741 697 1783 nuc·
713 1730 809 1795 Quasi
831 1745 878 1782 cn.
890 1727 1028 1792 carduos,

218 1797 360 1861 cochleas,
388 1800 560 1863 testudinea,
591 1801 737 1864 colubros,
763 1801 881 1868 fungos,
905 1797 1029 1860 boletos,

217 1869 326 1920 tubera.
342 1883 407 1919 suo.
419 1869 482 1920 lstis
494 1871 619 1920 omnibus
631 1885 683 1936 ego
694 1871 740 1920 uel
753 1885 847 1936 rapam
860 1866 1029 1934 praeferam.
1068 1885 1070 1940 4

216 1936 357 1990 Liberalis
369 1953 413 1998 cs,
434 1939 570 2005 benignus
582 1953 625 2002 es,
646 1938 810 1990 Christiane.
833 1952 879 1989 cu.
892 1938 954 1988 llas
965 1949 1028 2002 per·
1068 1945 1070 2000 g

143 2023 156 2042 ⁵
217 2007 292 2060 dices
304 2021 387 2059 nemo
398 2007 529 2076 attingit,
549 2025 583 2060 ne
596 2009 739 2061 columbos
751 2007 873 2076 quidem.
904 2009 972 2058 Cras
984 2010 1029 2057 est
1053 2007 1069 2060 “,

217 2077 277 2130 dies
287 2077 385 2128 ieiunii
399 2079 433 2130 ab
445 2077 570 2130 Ecclesia
583 2079 695 2142 indicti;
711 2079 843 2130 ndversus
855 2074 927 2128 hanc
938 2077 1029 2128 esuri·

217 2162 261 2200 cm
273 2148 380 2199 munite
393 2163 451 2199 uos
471 2152 594 2202 Onemte
605 2149 721 2200 suburra
729 2148 825 2199 navim
837 2146 1028 2198 adversusim·

214 2217 366 2269 minentem
387 2223 593 2286 tempestatem.
630 2219 739 2270 Bellum
757 2218 861 2280 iustut3
893 2216 1027 2267 instruite

217 2293 340 2338 uentrem
353 2296 517 2341 commeatu.
527 2304 590 2342 Auo.
613 2289 722 2342 Utinam
734 2287 827 2339 isthuc
835 2287 913 2338 verbi
923 2284 1027 2337 tacuis-

215 2369 274 2415 ses,
295 2353 447 2408 hilariores
457 2359 674 2410 surrexissemus
687 2373 704 2410 o
715 2373 810 2410 coena.
834 2353 958 2406 Miseros
975 2367 1026 2404 nos

215 2423 310 2475 reddis
322 2431 387 2474 anto
399 2432 516 2495 tempus.
538 2443 585 2480 cu.
601 2429 675 2491 Quid
687 2426 745 2478 itui
765 2441 829 2478 suo.
849 2425 922 2486 Quia
934 2424 1027 2475 minus

214 2505 333 2562 angilem
347 2493 409 2555 odi,
432 2512 513 2563 quam
524 2500 622 2563 pisces.
643 2511 690 2549 cia.
700 2499 802 2548 Aenon
812 2501 844 2545 tu
855 2495 949 2547 solus.'
960 2507 1026 2546 sus.

216 2561 285 2622 Quis
296 2559 350 2613 hoc
360 2563 446 2615 taedii
457 2568 537 2617 nohis
548 2565 669 2619 invexit?
690 2581 736 2618 cu.
747 2567 815 2628 Quis
827 2570 1027 2620 comumnstru·
1067 2595 1068 2602 κ

216 2633 257 2680 vit
268 2631 362 2694 olodn,
374 2633 553 2701 absynthium
567 2641 594 2687 et
606 2634 804 2687 scammoniam
817 2635 884 2686 dare
896 2637 925 2684 in
938 2632 1026 2686 remc-

129 2750 132 2758 ,
217 2699 289 2751 diist
319 2703 461 2755 nuo..Sed
472 2707 527 2754 ista
537 2705 641 2756 llantur
653 2705 785 2773 aegrotis.
819 2719 866 2755 cu.
890 2701 938 2755 Sic
957 2702 1027 2754 hoec
1065 2763 1066 2766 ¹

217 2769 321 2823 dantur
330 2773 445 2825 nimium
458 2778 534 2826 recte
545 2772 714 2842 valentibus.
732 2773 890 2842 Aliquando
901 2773 1028 2840 praestat
