2126 3188
138 349 147 358 “
220 372 266 410 ou.
279 353 367 418 Nihil,
389 355 505 423 opinor,
526 353 592 406 nisi'
605 353 701 408 fures.v
725 353 785 406 Neo
803 354 879 406 enlm
902 369 1019 423 unquam

218 147 289 246 see,
426 175 812 235 renauninnrio

220 285 323 344 terreis
342 283 478 338 canoellis
500 285 696 352 circumsepta.
732 297 780 337 sss.
801 281 878 346 uuis
903 285 1020 338 metuit!

219 426 278 479 ridi
299 423 451 492 quidquam
472 423 582 476 diuitiis
602 423 739 475 onustius.
776 424 943 477 nsAEaeoas
956 424 1020 476 milli
1052 417 1054 436 ³

221 495 334 549 divitias
345 509 450 547 narras.
488 507 534 545 oo.
554 491 682 546 Adnuntia
693 491 814 545 lucernis
824 493 949 545 vidimus
961 495 1020 561 plue
1048 437 1055 550 ⁴

241 560 1022 686 “umuli‘titillatuillutibilis
1052 565 1055 640 l

222 649 387 772 noffipsa.
422 669 501 756 liaeo
520 647 575 755 rfon
597 649 755 754 oetenfiitur
768 646 830 753 ¹{sisi
844 668 1021 771 magnatibus
1053 749 1055 752 .

223 779 272 828 aut
282 773 440 842 praecipuis
455 772 563 825 amicis.
599 771 748 824 Postremo
764 771 927 823 reducimur
940 775 1023 824 insa·
1051 779 1055 830 l

224 845 356 898 marlume
376 842 437 895 illic
454 842 610 896 datraotum
627 846 671 893 est
686 839 819 892 scrinium
836 841 921 910 nigro
932 847 1022 894 conte·

108 943 121 962 t
225 920 300 967 otum
312 912 399 975 como,
410 911 570 979 depositum
581 915 625 962 eet
634 910 664 960 in
675 923 812 976 niensam3
828 917 956 979 apertum
968 919 1022 975 est3
1055 919 1056 934 ³

221 997 289 1036 mox
300 997 395 1036 omnes
405 979 487 1034 lieris
497 979 614 1050 genibus
624 980 785 1032 adorarunt.
821 993 870 1033 us.
881 980 958 1043 Quid
969 981 1023 1034 ina·
1055 987 1056 1012 ἒ

221 1052 287 1106 rati
306 1065 351 1104 oo.
358 1049 525 1119 Fragmenta
536 1049 672 1118 quaedam
684 1051 836 1103 linteorum
846 1049 957 1112 lacera,
969 1051 1022 1118 ple·

221 1135 307 1188 reque
317 1119 408 1171 mucci
419 1119 568 1188 vestigium
580 1121 728 1172 servantia.
765 1120 832 1184 llis,
855 1127 887 1172 ut
902 1121 1022 1184 aiebant,

220 1190 264 1242 vir
275 1189 337 1258 pius
347 1189 514 1257 extergebat
522 1187 653 1243 sudorem
665 1205 682 1243 a
692 1188 765 1242 faeie
774 1189 835 1242 eive
844 1191 931 1254 collo,
942 1191 1021 1257 pitui-

221 1265 281 1314 tan
292 1259 443 1324 anaribus,
463 1265 512 1312 aut
527 1260 551 1310 si
566 1258 631 1326 quid
649 1265 725 1313 esset
735 1259 870 1313 similium
889 1262 1023 1324 sordium,

200 1331 322 1454 ‘gelbue
343 1345 399 1382 uon
420 1333 522 1382 vacant
541 1325 846 1396 humanacorpuecule.
883 1330 927 1382 lbi
946 1345 1025 1382 meus

250 1402 376 1453 ratiauue
387 1413 496 1452 rursum
508 1413 564 1452 non
574 1399 708 1467 optimam
719 1399 782 1451 iniit
792 1399 922 1468 gratiam.
952 1401 1024 1452 lluia

223 1475 254 1525 et
267 1470 372 1538 Anglo,
390 1477 419 1524 et
438 1477 516 1536 uoto,
527 1483 579 1522 neo
595 1468 743 1522 mediocris
759 1469 938 1522 auctoritatis
954 1470 1025 1534 viro,
1055 1475 1057 1542 l

222 1539 305 1593 Prior
319 1539 457 1606 benignus
472 1554 556 1594 unum
574 1555 590 1592 s
608 1538 734 1592 linteolis
746 1539 849 1593 obtulit
861 1540 948 1605 dono,
971 1548 1025 1592 ore·
1057 1589 1058 1594 ,

224 1607 303 1671 dene,
320 1621 492 1660 eesemunue
512 1609 597 1674 longe
614 1611 802 1676 gratissimum
824 1608 936 1662 offerre.
973 1607 1024 1662 Sed
1056 1607 1058 1678 l

223 1677 392 1741 Gratianus,
411 1677 476 1730 lesio
485 1691 583 1745 purum
595 1686 706 1746 gratus,
727 1693 782 1730 non
794 1677 855 1730 eine
867 1677 979 1731 fastidii
989 1680 1024 1731 si·
1057 1679 1058 1688 ’

223 1746 1023 1818 gallinationedigitiecontrectavitunum,etoontemptim
1056 1781 1058 1802 i

221 1817 360 1882 reposuit,
382 1818 518 1882 porrectis
540 1815 634 1881 labile,
654 1818 743 1871 veluti
759 1832 945 1886 poppysmum
966 1819 1023 1871 imi·

222 1891 294 1937 tans.
330 1883 403 1936 Nam
412 1883 458 1937 hio
467 1885 511 1938 illi
520 1889 694 1953 moseratsi
705 1887 772 1955 quid
783 1886 1022 1958 offenderetquod

221 1961 317 2008 umen
328 1955 558 2009 contemnendum
565 1958 778 2010 esseiudioaret.
797 1958 892 2010 Meum
904 1959 1023 2011 ausimum

221 2024 309 2080 simul
320 2031 348 2078 et
357 2025 449 2094 pudor
460 2032 489 2079 et
499 2027 586 2079 timor
597 2025 816 2081 discruciebent.'
831 2026 913 2080 Prior
924 2035 1022 2094 tamen,
1042 2035 1046 2041 ·

223 2102 257 2150 ut
278 2101 322 2149 eet
341 2095 425 2148 homo
446 2097 592 2164 stupidus,
614 2096 810 2150 dissimulabat
830 2096 885 2149 lioo
902 2096 1024 2162 factum3

193 2207 198 2213 .
222 2179 329 2233 noeque
340 2172 405 2234 post
415 2165 542 2219 oblatum
556 2167 615 2217 vini
626 2167 757 2234 poculum
774 2165 937 2220 humaniter
948 2166 1025 2219 dimi·

223 2235 271 2287 sit.
309 2235 400 2298 Quum
412 2235 565 2289 rediremus
575 2235 733 2289 lrontlinum
744 2263 779 2276 ·-
788 2249 837 2289 res.
850 2236 925 2299 Quid
948 2251 1025 2305 opor·

223 2303 289 2366 tuit,
310 2319 393 2372 quum
405 2307 460 2358 iam
471 2321 525 2357 non
537 2307 634 2374 procul
645 2308 758 2368 abesses
769 2322 787 2358 a
795 2306 884 2359 litore
895 2307 965 2360 tuo!
983 2321 1023 2358 ou.

162 2423 163 2428 ,
224 2369 339 2424 Sioeet:
360 2377 480 2429 sedeo
502 2375 572 2426 litus
593 2375 664 2426 illud
685 2381 820 2445 perquam
841 2377 942 2429 lubens
957 2376 1023 2444 fugi,

224 2439 316 2506 magle
325 2442 433 2499 infame
444 2391 590 2497 {mundium
603 2459 635 2497 ac
646 2447 759 2514 rapinis,
782 2461 864 2513 quam
876 2447 954 2500 ullae
964 2449 1025 2498 eunt

223 2508 336 2562 Maleae
354 2513 517 2581 naufragiis.
554 2513 652 2566 Dicam
669 2516 742 2582 quod
762 2517 892 2582 proxima
902 2516 963 2568 ridi
973 2521 1025 2568 trs·

223 2578 355 2631 ieotione.
393 2582 557 2652 Complures
572 2599 590 2636 a
600 2585 683 2637 litore
695 2587 848 2637 caiatiensi
863 2587 972 2638 soalmo
983 2586 1025 2638 tle·

218 2645 549 2704 emmerammensis
564 2653 710 2708 maiorem.
747 2653 779 2706 ln
797 2654 841 2707 lile
852 2663 916 2708 erat
927 2655 1023 2708 Gallus

224 2714 339 2781 quidem
352 2716 476 2784 iuvenis,
497 2734 651 2789 pauperae
666 2737 816 2793 pennosos.
852 2723 894 2778 sb
905 2723 962 2781 lioo
971 2724 1024 2780 eri
