2132 3196
207 210 242 266 so
272 237 298 278 ,ι
360 191 528 270 memus
546 183 863 266 anaunecercn.

206 320 338 386 ponatur,
349 321 381 368 ut
389 322 466 369 totus
476 316 684 379 cultusffultus,
690 320 786 386 gestus
793 320 823 369 et
833 314 945 368 habitus
957 327 1017 367 cor-

147 441 154 454 „
206 388 444 509 parisinpenuam
458 391 623 443 modestiam
638 386 861 438 etrerecundam
888 384 1037 438 indolem.

208 471 277 524 prae
287 472 318 509 se
341 463 410 512 erat.
429 473 474 510 au·
485 458 558 521 Quid
570 459 593 508 si
605 455 742 510 mediter!
754 471 815 509 anu.
826 457 890 508 Fae.
901 469 946 508 eu.
959 453 1017 507 Sic·

210 527 271 579 eine
282 527 368 578 satist
379 539 451 585 ‘esa
471 528 611 579 Nondum.
622 543 669 579 nu.
681 526 754 590 Quid
766 529 790 578 si
802 526 859 578 siet
874 539 935 578 ena.
948 524 1018 577 Pro·

209 597 374 663 pemcdum
387 612 433 650 nu.
448 597 522 660 Quid
534 599 557 647 si
569 593 627 650 sici
636 610 706 650 nnc.
727 599 802 649 Hem
813 597 882 648 satis
894 599 951 658 est;
971 595 1021 647 lst-

210 665 264 718 huc
273 671 347 732 tene,
359 671 444 719 neeis
455 669 549 734 inepte
559 669 663 736 loquax
674 673 723 719 aut
733 681 873 736 praeceps.
902 664 963 717 Nee
973 679 1021 716 va·

209 742 293 812 getur
303 741 411 788 animus
422 739 555 801 interim,
577 738 682 789 scd‘sis
692 743 834 799 attentus,
845 735 911 803 quid
921 736 970 787 ille
982 735 1022 786 di·

210 811 264 858 cat.
299 805 327 858 Si
339 807 405 876 quid
417 807 471 859 orit
481 808 719 876 respondendum,
743 808 772 858 id
783 805 872 858 facito
882 805 978 872 paucis
989 817 1023 856 ao

209 875 494 947 prudenter‚subinde
507 877 650 946 praelatus
663 876 809 946 horrorem,
818 888 1018 942 nonnunquam

211 951 241 998 et
252 946 349 999 addito
360 953 562 1015 cognomento,
582 945 696 999 honoris
713 948 816 1014 gratias
840 951 924 1014 atque
942 945 1021 996 iden·
1064 987 1065 990 ,

210 1016 297 1068 tidem
319 1018 428 1070 modice
447 1015 544 1069 flectas
561 1017 680 1069 alterum
697 1013 1020 1085 genu,praesertimubi

209 1099 376 1151 responsum
386 1087 548 1139 absolveris.
569 1087 627 1138 Nec
639 1089 737 1148 abeas,
749 1086 803 1136 nisi
814 1084 959 1153 praelatus
973 1097 1021 1134 ve·

210 1155 296 1218 niam,
307 1161 358 1205 aut
366 1158 400 1208 ab
411 1157 473 1224 ipso
486 1156 626 1208 dimissus.
639 1157 720 1209 Nune
731 1171 800 1223 age,
818 1153 959 1222 specimen
970 1152 1022 1204 ali·

211 1223 285 1291 quod
297 1223 379 1275 huius
391 1228 432 1277 rei
444 1227 525 1278 nohis
556 1227 650 1278 racbe.
671 1226 814 1286 Quantum
825 1223 961 1293 temporis
973 1223 1022 1274 ab·

169 1329 172 1334 -
210 1291 290 1345 luisti
301 1309 319 1345 a
328 1294 462 1346 maternis
474 1241 607 1348 seligunt
618 1310 663 1348 nu.
673 1296 791 1367 lampscx
801 1294 889 1346 ferme
900 1307 1020 1348 menses.

211 1363 443 1416 aamhddendum
451 1375 521 1427 erat,
528 1364 649 1419 domine.
661 1379 706 1417 ru.
716 1364 774 1415 lam
786 1379 837 1416 sex
843 1363 932 1416 ferme
943 1378 1020 1415 mea·

212 1434 394 1496 academiae.
407 1450 469 1488 aaa.
484 1435 547 1488 Non
558 1435 684 1503 tangeris
696 1434 837 1486 desiderio
848 1433 963 1486 matris!
973 1447 1020 1485 νυ.

212 1501 417 1572 Nonnunquam
428 1519 504 1557 sane.
520 1521 581 1557 anu.
591 1507 675 1572 Cupis
687 1519 748 1556 eam
758 1503 897 1557 revisere?
909 1517 954 1556 ra.
966 1501 1019 1556 Gu-

210 1573 273 1644 pio,
291 1575 416 1637 domine,
427 1575 452 1626 si
463 1575 491 1625 id
503 1589 571 1642 pace
582 1574 668 1627 liceat
678 1580 735 1626 tua.
746 1588 806 1626 anu.
816 1573 897 1626 Nune
906 1574 1019 1626 fleeten-

212 1645 277 1696 dum
295 1650 357 1694 erat
367 1639 450 1711 genu.
477 1645 555 1697 Bene
567 1644 660 1697 habct.
680 1644 726 1696 Sic
736 1644 854 1713 porgite.
875 1644 968 1706 Quum
978 1644 1020 1698 la·

212 1714 321 1783 queris,
341 1729 406 1766 care
417 1729 452 1766 ne
462 1715 630 1784 praccipites
641 1729 813 1776 sermonem,
834 1721 883 1766 aut
894 1714 1019 1766 haesites

121 1829 123 1837 s
211 1784 326 1852 lingua,
336 1790 384 1836 aut
396 1785 490 1852 palato
501 1787 708 1847 immurmures,
719 1783 769 1836 sed
780 1783 926 1848 distincte,
937 1783 1022 1848 clare,
1055 1792 1059 1804 “

213 1855 359 1908 articulate
371 1860 545 1910 consuescite
557 1855 685 1923 prolerre
696 1855 784 1906 rerba
794 1860 852 1904 tua.
888 1853 916 1906 Si
939 1869 1021 1922 quem

212 1927 377 1991 praeteribis
388 1933 457 1978 natu
469 1925 613 1995 grandem,
621 1926 828 1992 magistratum,
838 1923 1023 1988 sacerdotem,

215 1994 373 2060 doctorem,
393 2003 443 2050 aut
453 1998 557 2065 alioqui
568 1997 657 2046 virum
669 2007 799 2061 gravem,
808 1999 949 2045 memento
961 2008 1024 2062 ape·

212 2060 270 2116 rire
281 2072 377 2136 caput,
388 2083 440 2120 nec
452 2065 546 2135 pigeat
557 2065 702 2116 inflectere
714 2057 796 2133 genu.
815 2062 914 2114 Itidem
925 2061 1024 2128 facito,

214 2148 298 2201 quum
311 2138 477 2205 praeteribis
489 2135 587 2186 aedem
600 2149 707 2185 sacram
715 2171 724 2198 ‚
736 2139 784 2184 aut
794 2133 947 2200 imaginem
964 2147 1024 2185 cru·
1062 2193 1064 2200 Ι

213 2205 261 2256 cis.
283 2207 314 2256 ln
328 2206 453 2258 convivio
465 2207 505 2256 sic
516 2210 544 2256 te
557 2205 704 2272 praebebis
723 2201 854 2267 hilarem,
866 2210 896 2253 ut
912 2215 1023 2271 semper

213 2275 386 2340 memineris,
419 2274 484 2342 quid
501 2275 598 2327 deceat
614 2277 734 2328 aetatem
747 2279 836 2324 tuam:
865 2280 1023 2340 postremus
1062 2291 1063 2296 ¹

213 2346 340 2394 amnium
361 2345 507 2397 admoveto
526 2360 638 2402 manum
657 2345 780 2414 patinae.
817 2340 847 2392 Si
862 2341 929 2410 quid
940 2343 1024 2394 datur

214 2411 332 2476 lautius,
357 2421 488 2467 recusato
510 2415 654 2466 modestes
682 2414 708 2464 si
725 2412 890 2475 instabitur,
915 2413 1024 2480 accipe,

212 2486 246 2534 et
257 2496 309 2549 age
320 2485 439 2551 gratias:
461 2499 527 2537 mox
538 2485 670 2552 decerpta
680 2480 871 2549 portiuncula,
892 2483 971 2550 quod
982 2497 1025 2535 ro·

216 2549 324 2619 liquum
336 2560 390 2616 cst,
411 2556 452 2606 illi
471 2553 599 2616 reddito,
620 2557 669 2603 aut
684 2551 769 2604 alicui
778 2553 904 2620 proxime
915 2551 1027 2606 aecum·

214 2620 304 2673 beati.
324 2621 353 2674 Si
365 2625 427 2692 quis
439 2623 598 2691 praehibet,
610 2621 738 2673 hilariter
747 2621 790 2673 llli
801 2621 872 2674 hene
882 2628 1025 2692 precator,

218 2691 268 2744 sed
279 2693 338 2761 ipse
347 2695 433 2754 bibito
446 2693 562 2744 modice.
585 2689 614 2742 Si
628 2707 683 2743 non
694 2693 772 2753 sitis,
784 2697 880 2744 tamen
893 2693 1026 2746 admove·
1061 2731 1062 2748 l

196 2789 200 2797 ·
217 2765 249 2814 to
260 2763 390 2831 cyathum
404 2763 495 2817 labiis.
512 2760 616 2817 hrrida
625 2760 818 2829 loquentibus:
838 2766 899 2831 ipse
910 2780 946 2816 ne
957 2755 1024 2833 quid
