2132 3196
94 138 101 150 x
178 167 238 247 ‘52'
313 146 317 158 ι
406 181 797 246 erarasrusnrars.
861 169 866 184 ¹

171 320 173 324 ⁴
198 301 243 352 est
259 296 348 348 omnis
359 294 440 350 boni:
471 292 520 344 sed
531 307 566 342 an
578 292 640 359 ipse
650 271 807 342 instituerit
816 286 888 340 banc
897 275 1006 342 confes·

198 361 322 428 sionem,
340 366 429 432 qualis
446 377 520 413 nunc
532 367 577 414 est
587 365 615 411 ia
627 377 679 411 usu
690 359 842 420 ecclesiae,
861 355 1005 426 theologis

197 435 393 488 excutiendum
404 432 546 498 relinquo:
569 427 634 480 mibi
647 443 734 496 puero
745 434 774 479 et
784 428 888 479 idiotac
901 429 1007 479 suflicit

106 510 110 517 '
197 505 334 558 maiorum
346 503 509 554 auctoritas.
545 499 623 549 llaec
640 504 770 550 estcerte
781 499 933 564 praecipua
942 513 1009 548 eon·¹

198 573 300 626 lassio:
321 588 372 625 nec
388 575 432 624 est
444 568 542 630 facile,
561 567 689 619 confiteri
701 565 821 618 Christo.
859 567 922 619 Non
941 581 1006 618 con-

118 684 120 694 ,
134 655 141 664 “
196 643 295 694 litetur
310 642 382 704 ilii,¹
396 639 450 690 nisi
464 639 512 704 qai
528 651 562 688 ex
573 637 666 687 animo
678 638 808 687 irascitur
817 651 868 688 suo
878 643 1006 704 peccato.

196 712 276 778 Apud
286 711 367 762 illum
379 705 681 774 exponodaploroque,
693 707 717 756 si
730 706 796 773 quid
807 706 907 756 adnuisi
917 707 1011 773 graui·
1060 757 1064 766 ,

155 803 156 810 ¹
197 797 245 844 us3
267 780 372 842 clamo,
392 777 546 842 lacrymor,
559 775 656 842 ploro,
675 789 721 826 mo
730 776 823 840 ipsam
834 789 965 836 execror,
976 775 1012 826 il-

56 873 65 890 f
153 887 160 910 ,
196 851 253 904 lius
264 850 384 918 imploro
395 843 633 898 miscricordiam:
653 843 896 907 nco-linemfaeio,
917 843 1013 924 donec.

198 934 313 978 sensero
326 916 459 986 peccandi
468 913 598 966 affectum
611 915 722 980 penitas
734 919 920 981 expurgatum
932 928 1010 966 emc-

199 987 391 1050 dullisanimi,
402 989 431 1038 et
440 983 590 1036 succedere
601 983 834 1050 tranquillitatem
846 983 969 1050 aliquam
981 987 1011 1034 ct

93 1101 96 1108 .
160 1057 170 1076 ⁸
199 1059 374 1110 alacritatem
381 1054 548 1119 ,condonati
559 1053 681 1104 criminis
695 1058 897 1120 argumentum.
919 1052 1012 1118 Atque

200 1127 247 1178 ubi
258 1133 368 1192 tompus
378 1125 494 1186 invitat,
511 1129 543 1172 ut
554 1122 651 1174 adeam
664 1127 872 1173 sacrosanctam
884 1124 1017 1174 niensam‘

201 1196 329 1262 corporis
340 1200 370 1246 et
381 1193 524 1259 sanguinis
535 1190 681 1256 donninici,
691 1192 828 1243 conlitcor
840 1197 869 1243 ct
879 1189 1012 1243 sacerdo·
1064 1205 1065 1210 ¹

201 1267 238 1325 ti,
268 1263 318 1316 sed
334 1262 452 1330 paucis,
471 1263 686 1322 etnonnisioa,
707 1275 778 1328 quac
790 1259 1012 1312 certovidcntur

203 1334 332 1388 crimina:
344 1339 392 1384 aut
402 1330 594 1392 eiusnrodi,at
604 1328 752 1382 uehemens
763 1330 882 1396 suspicio
896 1331 944 1392 sit,
958 1331 1013 1382 cri·

202 1417 348 1456 manasse.
385 1401 481 1469 Neque
492 1414 559 1452 sero
572 1399 699 1466 protinus
708 1401 834 1451 arbitror
843 1413 904 1451 esso
915 1401 1013 1467 piacu-

202 1473 276 1535 lum,
296 1471 415 1534 bocast,
434 1483 547 1522 enorme
558 1471 680 1531 crimen,
700 1468 776 1536 qaod
792 1468 1014 1520 admittiturorl·

202 1556 299 1594 versas
311 1541 450 1608 quaslibet
462 1539 679 1590 constitutiones
689 1537 842 1602 humanas,
873 1538 931 1588 nisi
945 1545 1021 1590 con-'

203 1617 327 1676 temptas
339 1609 487 1660 accesserit
497 1607 661 1668 malitiosas.
696 1608 756 1660 lmb
767 1610 813 1659 six
824 1607 946 1659 arbitror
957 1607 1013 1660 cri-

201 1695 267 1732 men
277 1678 411 1745 capitale,
432 1680 475 1746 cai
487 1692 543 1728 non
558 1677 595 1727 sit
605 1676 737 1740 adiuncta
748 1677 870 1741 malitia,
890 1675 944 1729 hoc
956 1685 1014 1740 est,

203 1764 333 1816 perversa
343 1747 481 1798 voluntas.
517 1761 563 1798 aa.
585 1745 699 1808 Laudo,
719 1747 793 1816 qaod
803 1749 844 1798 sic
855 1762 885 1798 es
896 1746 1013 1814 religio-

128 1819 139 1832 *
203 1834 266 1880 sus,
287 1823 317 1868 ut
336 1823 430 1869 tamen
447 1817 657 1882 superstitiosus
674 1830 729 1868 aon
740 1818 787 1867 sis.
823 1817 878 1867 llic
898 1831 1013 1884 quaqua

204 1893 271 1954 pato
282 1887 373 1937 locum
386 1901 448 1938 esse
459 1886 619 1952 proverbio,
638 1881 698 1936 Nee
708 1884 812 1947 arania,
835 1901 884 1936 nec
895 1885 1012 1952 passim,

203 1972 253 2010 nec
264 1953 434 2022 quibuslibet.
454 1955 610 2022 aa'Deligo
621 1953 690 2005 mihi
700 1955 883 2018 sacerdotem,
895 1959 939 2006 cui
951 1942 1018 2006 cres

204 2026 267 2078 dam
280 2039 383 2076 arcana
394 2025 523 2091 pectoris.
559 2039 605 2087 aa.
632 2022 898 2094 isthacestsapcre.
936 2023 1013 2076 Sunt
1053 2047 1055 2050 ·

205 2096 278 2148 enim
291 2094 432 2161 permulti,
441 2093 515 2160 qaod
526 2099 697 2158 compertum
709 2100 764 2156 cst,
777 2095 837 2160 qui,
854 2092 930 2162 quod
941 2091 1019 2145 accii

206 2166 287 2232 piant
297 2167 323 2214 in
336 2163 569 2223 confessionibus,
582 2160 722 2214 effutiunt.
737 2163 809 2213 Sunt
819 2163 941 2230 improbi
953 2164 1012 2232 qui·

24 2225 27 2232 “
100 2273 104 2280 .
204 2233 268 2285 dam
279 2240 308 2285 ct
318 2232 513 2300 impudentes,
534 2233 582 2298 qui
595 2237 796 2297 percontantur
814 2246 831 2282 a
848 2234 1011 2294 confitente,

205 2317 277 2370 quae
289 2304 471 2367 praestiterat
481 2303 612 2358 tacuisse.
648 2299 838 2353 Suntimlocti
858 2307 888 2353 ct
902 2301 1012 2362 stolidi,

205 2371 254 2438 qui
270 2371 305 2422 ob
321 2371 463 2422 sordidum
475 2375 618 2438 quaestum
635 2369 771 2436 praebent
790 2385 886 2423 aurcm
903 2373 1013 2434 verius,

206 2455 289 2505 quam
300 2440 438 2504 animam,
449 2456 533 2508 quum
543 2454 595 2490 ncc
605 2438 758 2492 diiudicent
769 2441 844 2492 iatcr
855 2442 970 2492 noxiam
981 2447 1013 2491 ct

205 2515 281 2561 recte
293 2508 412 2572 sactum,
426 2525 478 2562 noc
490 2510 589 2561 docere
597 2503 723 2578 possint,
735 2523 787 2560 neo
797 2508 948 2571 consolari,
959 2524 1013 2561 neo

142 2598 148 2610 ·
206 2578 359 2630 consulere,
381 2577 460 2631 Haec
481 2583 521 2631 sic
541 2575 657 2640 habere,
677 2576 955 2646 frequenter'audivi
976 2592 1014 2631 ex

206 2648 313 2710 maltis,
324 2655 352 2700 ct
362 2648 421 2714 ips'c
432 2648 534 2715 partim
547 2653 677 2712 expertus
689 2662 758 2698 sum.
794 2663 836 2698 cr.
857 2647 895 2698 Et
905 2663 958 2716 ego
970 2649 1013 2699 ni·

121 2742 124 2748 ·
207 2719 301 2772 mium.
313 2717 434 2771 Proinde
440 2718 532 2783 deligo
539 2714 606 2768 mihi
616 2716 704 2768 virum
715 2731 771 2768 non
782 2716 940 2782 indoctum,
950 2731 1014 2787 gra·

523 2865 534 2891 Ι
