2160 3192
235 159 481 216 convivium
506 115 736 219 Poenicum
849 163 901 219 215

94 272 173 318 tuam
184 265 321 333 gratiam,
339 265 468 333 quoniam
489 267 555 318 novi
567 272 598 318 te
612 267 743 334 probum,
765 270 812 336 qui
829 283 902 335 ,nun-

95 350 180 404 quam
193 336 361 387 contriveris
371 337 514 388 cerebrum
526 343 604 387 tuum
617 337 645 386 in
657 337 793 390 eiusmodi
803 338 905 391 delira·

21 423 22 426 ¹
95 407 215 456 mentiar
237 402 418 467 acdemiror,
439 418 492 471 quo
504 404 565 457 fato
576 405 606 455 in
615 402 689 456 hunc
699 409 829 460 incideris
840 407 905 460 cho·

95 487 168 526 rum.
187 487 231 525 cn.
243 471 320 523 Unde
331 472 359 522 id
370 474 529 526 coniectast
545 490 593 526 nn.
606 474 680 550 quia-
688 489 771 526 nasur
782 477 906 540 uberior,

97 544 716 608 etoculinitentes,etcorpussucculentum.
747 543 907 597 Nunemihi
998 596 1002 601 .
1052 574 1059 582 ·

3 605 6 662 ,ἶ
97 611 183 666 huius
204 620 303 661 nasum
330 612 532 678 contemplare,
565 618 594 665 ct
620 617 706 664 risum
728 611 907 666 sardonium.

98 697 144 734 cn.
155 679 210 732 Sed
221 681 337 732 obsecro
344 715 353 742 ,
373 697 467 734 meum
477 681 619 743 suarium,
640 688 671 732 ut
682 684 765 733 istam
774 683 848 732 iram
858 685 909 734 mi·

97 751 129 802 lii
147 748 296 802 condones.
333 764 381 800 rra.
401 751 490 814 Abeo:
511 766 562 802 nec
577 750 704 815 partulo,
721 750 906 817 utquisquam

3 835 4 844 ³
98 826 257 872 ceterorum
268 816 322 869 hoc
332 820 442 875 nomine
454 818 521 871 milri
532 821 638 888 gratias
651 825 727 886 agat.
742 833 784 870 ar.
796 820 906 872 Abiitne

97 887 174 942 iamt
192 904 241 958 rm.
254 887 315 939 Non
326 892 384 939 tam
395 891 506 956 procul,
527 891 591 954 quin
603 888 698 945 audiat
709 893 746 940 te.
783 903 834 941 nu.
848 889 907 940 lam

98 965 143 1012 cat
154 960 184 1010 in
197 958 407 1019 culina,.secum
418 960 513 1010 nescio
526 956 592 1024 quid
604 973 789 1010 murmurans.
801 971 845 1009 cnr
854 957 907 1008 Fa·

98 1028 204 1080 mulam
215 1026 301 1078 habea
311 1028 424 1078 minime
434 1033 550 1078 mutam.
560 1027 695 1080 rinmunt
704 1029 806 1080 bonam
819 1027 907 1078 faniu-

97 1097 156 1149 lam
168 1103 298 1162 oportere
310 1097 399 1148 tribus
411 1097 523 1148 dotibus
534 1111 595 1148 esse
605 1097 770 1162 praeditam,
789 1103 822 1148 ut
831 1097 869 1146 sit
877 1096 906 1146 ti·

99 1166 189 1228 delia,
208 1171 239 1214 ut
250 1166 287 1216 sit
300 1165 448 1228 deformis,
466 1172 499 1216 ut
509 1165 546 1218 sit
557 1164 651 1228 ferox,
661 1183 742 1235 quam
753 1167 838 1233 vulgo
850 1181 906 1217 nra-

97 1235 155 1288 lam
167 1242 274 1286 vocant.
285 1235 391 1288 Fidelis
402 1251 455 1286 non
469 1235 599 1286 diminuit
609 1251 676 1299 rem,
684 1237 839 1288 deformem
849 1251 904 1287 non

1 1345 2 1348 η
99 1304 227 1356 ambiunt
237 1305 316 1372 proci
326 1342 334 1367 ‚
345 1304 425 1356 ferox
437 1304 520 1356 facile
531 1311 625 1356 tuetur
634 1307 677 1356 ius
688 1306 750 1358 heri
759 1307 811 1356 sui.
834 1304 907 1360 Nam

1 1423 2 1430 ,
99 1374 249 1440 aliquoties
262 1389 331 1441 opus
344 1382 388 1425 est
400 1390 455 1424 non
466 1374 556 1425 solum
575 1375 684 1440 lingua,
704 1390 799 1427 verum
821 1376 906 1424 etiam

97 1443 236 1495 manibus.
258 1445 337 1494 llaec
349 1459 411 1496 mea
423 1459 438 1494 e
448 1444 538 1495 tribus
549 1443 617 1494 duas
627 1441 712 1496 lrabet
722 1445 854 1504 virtutes,⁸
861 1443 906 1492 de-

1 1525 2 1528 ’
97 1509 197 1566 fo‘rmis
208 1515 289 1564 iuxta
300 1528 332 1564 ac
343 1515 431 1576 mala3
452 1513 485 1567 de
497 1513 551 1566 lide
563 1513 669 1564 dubito.
703 1528 746 1564 cn.
768 1511 906 1576 Linguam

1 1592 2 1626 i
98 1582 263 1646 audivimus,
275 1582 324 1633 sed
336 1599 387 1651 ego
399 1584 555 1635 metuebam
569 1581 620 1634 tibi
633 1598 649 1632 a
660 1583 796 1632 manibus.
808 1579 908 1630 nund-

1 1703 2 1722 ζ
98 1660 212 1704 movete
227 1667 325 1702 manue
338 1655 503 1718 peponibus.
539 1652 583 1704 De
603 1651 722 1702 lactucis
742 1656 834 1701 actum
854 1653 906 1698 cst.

1 1777 2 1788 ,
98 1723 213 1777 Etenim
224 1725 246 1771 ai
263 1737 338 1771 nunc
356 1720 605 1788 iuberem'apponi
624 1720 762 1781 lactucas,
782 1725 827 1769 sat
846 1715 905 1769 scio

100 1792 222 1844 carduos
235 1795 397 1856 apponeret.
419 1790 489 1846 Sunt
501 1801 529 1842 et
538 1791 676 1854 melones,
688 1788 785 1854 siquis
797 1784 851 1838 hoc
861 1802 907 1854 ge·

1 1877 2 1882 ¹
39 1865 43 1873 '
98 1874 169 1913 ncre
180 1859 268 1924 magis
279 1857 396 1924 eapitur.
428 1861 678 1911 Enticirecentes:
700 1856 942 1923 mododecerp·‘

97 1937 146 1982 tos
158 1944 176 1978 a
185 1931 424 1988 matre‚stestatur
433 1929 477 1979 lac
488 1929 515 1979 in
527 1928 693 1994 pedunculo.
728 1927 751 1978 Α
763 1926 822 1977 licis
834 1925 908 1976 solet

99 2009 177 2064 aqua
186 1995 273 2055 cumi,
291 2010 325 2045 ne
336 1997 402 2062 quid
411 1996 544 2050 obliment
555 1996 742 2048 stomachum:
754 2011 788 2046 en
800 1993 907 2044 habetis

100 2084 117 2121 c
129 2059 327 2131 limpidissimo
338 2063 574 2134 fonticulo-vivam
586 2081 618 2116 ac
629 2061 908 2130 frigidissimamuti·

100 2137 199 2190 lamet
209 2134 274 2184 vino
286 2132 427 2184 diluendo.
446 2148 490 2184 cn.
506 2135 542 2184 At
553 2149 605 2201 ego
617 2133 722 2194 nescio,
735 2135 830 2180 utrum
842 2135 907 2193 utro

102 2206 225 2264 diluam,
254 2202 348 2252 ninum
371 2204 454 2269 aqna,
476 2217 512 2252 an
528 2199 723 2269 aquam‘vin0‚
745 2197 816 2250 adeo
838 2197 908 2250 mihi

101 2275 157 2328 hoc
166 2273 259 2325 vinum
271 2271 384 2324 ridetur
395 2271 522 2322 haustum
533 2285 569 2321 ex
585 2269 681 2322 eodem
696 2266 832 2319 fonticulo
845 2267 908 2320 Mu·

1 2380 2 2399 i
80 2358 82 2362 ·
102 2358 207 2396 aarum.
244 2355 288 2393 ur.
308 2341 379 2392 'l'aie
394 2341 487 2393 vinum
500 2337 774 2390 conducitacuendis
785 2337 906 2406 ingeniis

101 2416 257 2480 poetarum,
293 2413 352 2465 Vos
363 2411 452 2462 crassi
463 2410 564 2460 crassis
576 2408 762 2466 delectamini„
784 2425 827 2460 cn.
847 2406 907 2457 Uti·

1 2475 2 2490 ¹
27 2478 36 2496 '
101 2497 165 2535 nam
177 2483 392 2546 (lausannensem
403 2480 453 2532 ille
464 2479 578 2530 beaturi
609 2493 651 2532 ur.
664 2477 724 2544 Ego
736 2477 832 2530 malim
844 2491 905 2527 esce

1 2555 2 2594 i
89 2551 226 2611 Codrus,
247 2556 295 2600 aut
306 2551 419 2601 Ennius.
439 2547 687 2616 ¹Quandoquidem
699 2546 768 2598 milri
785 2545 905 2611 contigit

101 2619 206 2674 habere
220 2618 349 2670 convivas
359 2625 417 2670 tam
427 2618 545 2680 multoc,
563 2625 675 2685 tamque
685 2616 905 2683 insignitercru·

1 2703 3 2756 ζ
102 2691 193 2753 ditor,
213 2702 269 2741 nou
279 2689 467 2754 committam,
485 2693 517 2763 ut
532 2685 621 2744 nihilo
632 2687 800 2741 doctiorem
812 2681 907 2736 ‹iimit-
