2160 3192
227 168 278 223 1⁹2
307 158 581 217 sssubocnm
607 145 662 214 aa
690 149 951 228 numantini.

226 279 275 322 tuo
285 267 381 319 fundo.
402 281 450 320 as.
472 267 598 318 Manebit
609 265 661 317 tibi
672 279 718 316 ars
730 269 791 314 tua:
811 267 922 314 tantum
935 253 1029 330 pioler
1064 285 1071 290 ·

133 396 137 404 ¹
225 337 379 404 specimen,
410 343 442 388 ut
461 337 619 404 intelligam
636 348 692 385 non
707 333 823 384 omnlino
838 346 941 383 vanum
964 347 1030 396 csse,

225 405 301 474 quod
314 405 394 458 dicis.
411 405 564 473 ss.Accipe
576 407 662 473 igitur
673 403 823 469 specimen.
853 401 955 453 Multis
964 401 1032 452 mul·

224 481 319 526 torum
331 477 454 545 negotiis
463 481 563 527 memet
582 474 736 526 admisceo:
769 474 845 533 emo,
865 470 972 534 vendo,
992 485 1034 522 re·

224 544 315 612 cipio,
336 559 416 595 sumo
435 551 546 605 mutuo,
566 545 671 610 accipio
689 541 856 606 depositum.
886 555 935 592 ΡΗ.
963 539 1034 602 Quid

226 619 287 670 tum
298 612 420 681 posteat.
434 629 473 665 ps.
484 616 572 680 Atque
583 612 645 664 heic
655 611 829 679 potissimum
841 615 922 674 capto
935 623 996 671 eos,
1016 623 1034 662 a

227 683 326 750 quibus
338 697 393 733 non
406 681 488 734 facile
499 679 700 747 deprehendar.
723 679 775 732 mn
792 679 887 742 (tuost
912 692 953 730 ss.
974 676 1034 730 stu-

227 751 327 821 pidos,
346 751 510 814 obliviosos,
528 751 729 818 incogitantes,
750 749 834 814 longe
850 753 987 809 semotos,
1006 753 1035 799 ct

227 825 364 872 mortuos.
400 835 448 873 en.
459 824 574 873 Coctum-
587 825 640 882 est,
652 823 778 869 mortuos
791 819 929 868 neminem
941 817 1036 868 redas·

228 903 322 960 guero.
342 903 382 941 ss.
396 891 428 944 Si
439 890 502 958 quid
515 890 560 948 c‘tli
570 889 660 941 vendo
672 888 700 938 in
714 888 800 942 diem,
823 885 975 954 diligenter
986 901 1032 936 an·

228 966 296 1012 noto
308 960 335 1011 in
349 959 613 1012 libellis'cationum.
636 973 682 1010 nn.
700 956 773 1019 Quid
786 955 905 1007 deinde!
927 969 969 1006 ns.
980 953 1033 1005 Ubi

227 1027 371 1084 reddenda
382 1033 425 1080 est
437 1029 569 1094 pecunia,
589 1027 653 1094 plus'
663 1029 770 1092 imputo
783 1026 913 1076 mercium
926 1031 1033 1092 emptod

226 1099 265 1156 ri,
286 1107 368 1161 quam
382 1099 530 1164 acceperit.
550 1097 575 1148 ls
587 1098 612 1149 si
623 1097 778 1164 incogitaus
789 1101 845 1156 cst,
859 1099 908 1145 aut
919 1094 1033 1145 oblitio·

226 1179 289 1225 sus,
309 1162 378 1215 mibi
390 1171 495 1232 certum
507 1173 550 1216 est
561 1168 676 1218 lucrum.
700 1179 747 1216 en.
760 1163 834 1227 Quid
845 1163 870 1214 si
881 1163 1033 1229 deprehen·
1070 1181 1071 1194 ¹

228 1232 294 1284 dati
324 1247 365 1284 ss.
376 1233 494 1288 Prolero
505 1236 605 1288 librum
619 1233 795 1286 rationalem.
824 1247 871 1284 en.
890 1233 964 1294 Quid
975 1233 1033 1284 siis

172 1358 178 1366 ,
228 1301 329 1354 doceat
351 1311 380 1355 et
402 1305 522 1368 evincat,
541 1321 642 1357 senon
659 1301 797 1369 accepisse
811 1302 884 1368 quod
895 1300 1033 1370 imputas!
1070 1349 1071 1354 ,

195 1375 196 1378 ’
227 1371 407 1424 ealleclamo
419 1366 551 1442 qnantum
563 1389 683 1442 possum.
697 1373 767 1426 Nam
779 1373 808 1423 in
820 1369 871 1422 hac
882 1377 944 1423 arte
952 1369 1034 1439 ,pror-

228 1457 275 1508 sus
286 1442 395 1494 inutilis
407 1448 450 1494 est
462 1443 558 1510 pudor.
589 1443 717 1510 Denique
729 1448 857 1494 extrema
868 1455 973 1492 ancora
983 1447 1034 1504 est,

227 1516 260 1562 ut
270 1510 376 1576 aliquid
390 1511 592 1562 comminiscar.
628 1527 676 1564 nn.
697 1511 768 1575 Quid
781 1511 871 1576 palam
882 1509 1034 1579 deprehen»

226 1578 292 1629 susi·
314 1593 351 1629 ns.
365 1578 442 1630 Nibil
453 1585 497 1630 cst
508 1580 632 1631 facilius:
646 1584 752 1633 erravit
761 1579 883 1631 famulus
889 1615 898 1643 ,
914 1587 965 1631 aut
975 1579 1034 1647 ipss
1061 1609 1063 1613 ·

226 1647 322 1713 lapsus
333 1663 392 1697 sum
402 1648 546 1700 anemoria.
556 1647 662 1701 Scitum
675 1657 718 1702 est
728 1650 829 1701 multas
841 1649 926 1702 simul
939 1651 1035 1701 misce·

178 1737 181 1742 ·
226 1711 417 1768 cenationes:
450 1716 511 1768 heic
531 1716 866 1786 faciliusestimponere.
902 1717 1035 1788 Exempli

226 1797 337 1835 caussa:
358 1793 423 1837 sunt
444 1785 579 1854 quaedam
601 1789 762 1854 dispuncta,
785 1787 861 1856 quod
880 1788 977 1839 soluta
997 1790 1035 1840 sit

135 1859 154 1884 '·
224 1854 356 1920 pecunia:
378 1860 443 1906 sunt
462 1856 519 1907 alia
538 1871 589 1924 pro
600 1859 698 1924 quibus
708 1857 780 1909 nibil
791 1863 970 1910 numeratum
983 1865 1033 1910 cst

163 1946 167 1958 κ
224 1923 342 1974 Haecin
354 1923 555 1990 posterioribus
566 1927 701 1979 codicillis
716 1927 834 1990 misceo,
851 1928 892 1978 sic
906 1931 945 1978 ut
964 1926 1034 1982 nihil

223 1991 398 2061 dispungam.
419 1993 470 2046 Ubi
482 2002 661 2063 supputatur,
681 1995 889 2059 contendimus,
911 1997 1034 2048 etvinco
1069 2011 1070 2016 ¹

223 2063 403 2130 plerumque,
423 2063 468 2115 vel
479 2068 613 2131 periurio.
650 2067 703 2116 Est
712 2073 741 2117 et
750 2063 802 2116 hoc
815 2067 897 2116 artis:
919 2067 1035 2119 ferera-
1069 2101 1071 2108 ,

222 2132 328 2185 tionem
339 2134 404 2185 ineo
415 2147 476 2184 cum
488 2137 610 2186 accincto
622 2135 657 2186 ad
668 2137 739 2198 iter,
751 2141 780 2186 et
790 2135 939 2204 imparato.
961 2135 988 2187 N
991 2151 1035 2188 am
1069 2163 1071 2166 ·

223 2215 286 2252 mea
301 2201 496 2269 mibi‘semper
516 2209 615 2271 parata
634 2210 709 2255 sunt'.
745 2203 902 2270 Deponitur
923 2205 1035 2274 aliquid

223 2267 295 2334 apud
307 2285 369 2331 me,
388 2287 469 2324 servo
480 2273 550 2324 clam
564 2274 637 2340 apud
649 2273 877 2334 me,·necccddo.
887 2273 1038 2344 Longum

223 2338 355 2404 scepsius
367 2353 449 2404 quam
460 2343 592 2398 resciscat
602 2342 664 2405 ille,
676 2341 712 2394 ati
725 2357 815 2409 quem·
823 2358 869 2394 res
879 2345 971 2396 missa
983 2351 1034 2397 est.
1070 2387 1071 2390 ,

223 2405 348 2456 Tandem
361 2407 384 2456 si
395 2423 450 2460 non
460 2411 557 2464 licebit
567 2411 700 2474 infitiari,
725 2412 797 2472 dico,
815 2411 886 2462 mibi
898 2415 1033 2478 periisse:
1070 2415 1071 2420 ’

223 2479 273 2524 aut
283 2475 423 2526 contendo
435 2494 478 2531 me
488 2482 611 2543 misisse,
622 2482 694 2548 quod
706 2495 762 2532 non
774 2480 850 2532 misit
872 2479 974 2534 incuso
985 2498 1034 2534 au·

221 2545 307 2610 rigas.
328 2543 488 2610 Postremo,
497 2549 521 2599 'si
531 2552 622 2601 vitare
632 2565 688 2602 non
700 2565 814 2617 possum
825 2550 892 2616 quin
904 2551 1033 2616 reddam,

221 2610 308 2688 reddo
320 2616 439 2665 accisam
450 2618 483 2678 *).
519 2633 566 2668 sn.
583 2616 664 2669 Bella
673 2633 741 2670 vero
753 2633 809 2671 ars.
844 2633 886 2672 cs.
897 2620 1033 2674 Nonnun-

249 2697 268 2751 ·)
286 2695 434 2742 Diminutum.
464 2699 503 2744 Sic
513 2701 596 2746 dicitur
605 2702 791 2748 monetaactita.

432 2769 436 2774 ’
1063 2801 1071 2854 l

1068 2861 1071 2940 l
