2150 3198
181 221 731 280 coNvlwoM‘Ruhlolosum.
807 223 859 280 12¹5

47 323 158 378 siritu·
166 325 311 394 poeniteri
341 326 378 378 At
399 325 616 394 quotusquisque
637 320 859 383 Christianorum

50 397 88 448 sic
97 395 266 448 moderatur
276 395 362 447 vitum
372 412 461 460 suam,
478 404 510 448 ut
521 396 603 448 huius
615 399 688 448 senis
697 413 791 451 vocem
803 399 859 452 sibi

46 466 137 532 possit
147 464 305 532 usurparet
322 463 432 534 Vulgus
444 465 587 517 hominum
599 466 750 531 existimet,
760 483 791 520 se
802 482 859 520 nou

47 533 155 602 frustru
162 533 283 596 vixisse,
295 534 320 585 si
330 549 380 601 per
390 535 433 588 lus
445 535 576 602 nefasque
590 540 737 602 congestas
747 537 859 590 diritius

48 603 210 670 relinquunt
221 605 381 655 morientes.
401 606 437 656 rit
449 605 518 657 Cuto
529 605 593 656 ideo
605 619 659 655 non
670 609 752 670 putet
762 619 792 656 se
802 604 858 656 iru-

48 676 106 723 strn
127 679 241 734 nutum,
266 673 340 740 quod
353 676 493 744 integrum
505 679 533 726 et
543 679 670 724 sanctum
681 672 767 724 civem
780 689 859 741 prue-

50 741 155 792 stitcrit
166 741 350 808 reipublicae,
368 744 441 809 quod
452 743 644 809 incorruptum
656 745 859 810 magistratum,
886 767 899 774 -

14 863 17 872 A
50 810 123 876 quod
147 811 309 877 posteritati
326 827 437 878 quoque
455 811 567 864 virtutis
584 817 613 863 et
623 810 780 864 industriae
791 825 859 866 sune

49 885 235 932 monumenta
250 881 406 948 reliquerit.
426 882 499 934 -lum
511 881 562 932 illo
576 881 643 947 quid
653 880 707 932 dici
719 882 810 947 potuit
820 880 861 931 di·

50 947 158 1000 riniusi
188 946 306 1004 Discedo
318 959 447 1019 tanquam
459 949 633 1070 extensius,
662 959 860 1016 nontanqeam

51 1019 168 1083 edema.
205 1019 338 1086 Hospitio
350 1022 490 1088 tantisper
500 1021 540 1070 uti
565 1018 744 1082 icet‚.donec
754 1018 858 1086 hospes
932 1055 933 1060 κ

49 1085 147 1140 iubcut
160 1089 244 1140 exire.
273 1089 454 1143 Edomosua
464 1088 557 1141 nullus
569 1087 652 1140 focile
664 1088 788 1156 pellitur.
820 1090 858 1140 Et
920 1123 923 1129 -

50 1163 142 1208 temen
158 1156 223 1210 hinc
233 1173 342 1226 quoquc
354 1173 554 1227 saepenumero
567 1157 699 1226 propellit
708 1156 754 1210 roi
764 1157 856 1220 ruins,
949 1167 953 1170 ·

50 1227 91 1277 vel
103 1225 281 1290 incendium,
298 1229 343 1282 rel
355 1229 428 1280 eiius
440 1243 518 1279 cnsus
529 1229 674 1296 quispiam.
705 1227 743 1278 Ut
757 1225 856 1280 horum

50 1289 118 1348 nihil
131 1295 258 1359 accidat,
285 1302 380 1349 tumen
396 1298 475 1351 senio
487 1295 629 1349 collabens
641 1296 797 1349 aedificium
810 1295 857 1348 ed·

51 1365 450 1432 monetessedomi'grandum.
477 1371 696 1418 sponsurus:
729 1365 856 1416 Nonmi·
941 1427 942 1431 Ἰ

0 1488 1 1495 ¹
51 1449 101 1486 nus
112 1435 230 1502 elegans
240 1441 284 1487 est
301 1435 454 1503 quodupud
465 1434 610 1486 Plutonem
625 1434 747 1500 loquitur
757 1432 857 1485 Socru-

51 1509 103 1566 tes,
135 1503 261 1556 Animam
275 1472 421 1558 domenum
432 1507 461 1557 in
472 1503 521 1557 dor
532 1519 645 1587 corpere
656 1503 730 1555 velut
739 1501 768 1554 in
775 1517 858 1569 prae·

49 1573 252 1640 ellinpoldum
263 1590 331 1636 eree,
360 1575 485 1658 urrdeses
495 1591 548 1627 non
558 1583 596 1626 nt
607 1573 743 1626 discedere
751 1571 857 1624 iniussu

48 1642 225 1712 imperatoris
232 1679 240 1705 ,
258 1659 306 1696 nec
316 1644 419 1697 diutius
430 1663 459 1698 en
471 1662 500 1697 eu
510 1641 663 1707 imni'oruri,
678 1658 758 1712 quam
769 1642 858 1695 visum

1 1761 2 1764 ,
49 1713 84 1765 sit
98 1713 124 1765 ei
132 1712 180 1781 qui
193 1713 344 1766 collocavit.
373 1714 446 1766 lllud
457 1713 657 1782 significantius
670 1719 713 1764 est
723 1715 751 1763 in
762 1710 857 1764 Plato·

1 1839 2 1848 ἵ
48 1797 94 1844 ne,
117 1783 192 1851 quod
204 1797 255 1852 pro
268 1782 457 1836 domo-dixerit
468 1784 651 1850 praesidium:
678 1779 815 1849 siquidem
826 1783 856 1833 in

49 1851 131 1903 domo
142 1853 253 1903 tentum
270 1867 488 1916 commoremur,
517 1854 547 1902 in
564 1851 703 1920 praesidio
720 1851 855 1904 destinati

49 1935 144 1972 sumus
155 1919 304 1984 functioni,
312 1936 393 1988 qunm
402 1923 480 1974 nobis
492 1920 633 1990 delegarit
643 1922 797 1988 imperetur
806 1936 856 1972 no·
892 1976 894 1980 ,
916 1931 919 1938 ’

49 1998 118 2042 ster:
141 2005 198 2040 non
211 1989 346 2042 abiudcns
358 2007 375 2047 u
385 1992 487 2042 nostris
497 1992 603 2054 literis,
627 2005 698 2059 quae
708 1992 795 2042 ritum
807 1989 855 2042 ho·
873 2007 876 2018 ¹

48 2059 130 2110 minis
142 2074 216 2110 nunc
225 2060 369 2123 militium,
384 2075 455 2113 nunc
467 2065 606 2113 certamen
618 2075 680 2112 esse
690 2060 792 2110 dicunt.
805 2072 853 2109 mr.

48 2129 81 2182 dt
91 2125 160 2179 mihi
172 2127 284 2195 quidem
297 2130 387 2182 oratio
399 2131 512 2184 Catonis
526 2127 640 2198 pulchre
651 2140 805 2195 congruere
816 2129 855 2176 ri·

49 2195 131 2248 detur
142 2211 205 2248 cum
225 2197 353 2251 oratione
365 2199 459 2262 Pauli,
483 2201 532 2265 qui
548 2198 671 2249 scribens
687 2193 853 2256 Corinthiis,

48 2266 199 2319 coelestem
213 2268 395 2333 mansionem,
406 2282 485 2336 quum
500 2272 694 2331 exspectamus
707 2261 853 2330 posthunc

47 2335 148 2397 ritum,
168 2336 254 2384 etuias
273 2343 371 2399 vocat,
392 2345 421 2388 et
431 2335 598 2402 οἰκητήριον,
619 2331 672 2383 hoc
683 2339 726 2384 est
734 2333 853 2398 domum,

45 2405 102 2456 sive
112 2401 288 2456 domicilium.
311 2405 452 2458 ‘Ceterum
464 2403 516 2456 hoc
526 2400 718 2469 corpusculum
730 2401 853 2470 appellnt
886 2402 892 2408 ’

42 2472 254 2526 tubernaculum
261 2509 269 2536 ,
281 2473 387 2526 Graece
398 2477 500 2529 culsne.
523 2469 595 2523 Nem
607 2479 633 2524 et
644 2471 798 2537 quiremus,
810 2472 853 2524 in·
876 2517 887 2525 ff

43 2543 119 2610 quit,
150 2541 182 2594 in
207 2540 257 2593 doe
283 2543 473 2604 tabernaculo,
508 2540 706 2594 inveniremus
727 2541 852 2612 gravati.
936 2567 942 2573 ·

41 2625 87 2664 rs
97 2626 152 2666 νη.
173 2609 232 2663 Nee
242 2613 350 2664 obludit
361 2627 378 2663 e
390 2625 518 2664 sermone
527 2581 618 2662 130tri:
631 2609 738 2664 lustum
751 2620 852 2674 autem,

42 2681 153 2750 inquit,
173 2679 307 2744 arbitror,
329 2681 457 2748 querndiu
470 2696 528 2732 esem
548 2679 577 2732 in
598 2678 648 2732 doc
664 2681 851 2742 tabernaculo,

42 2752 180 2806 surdum
189 2765 235 2804 eos
245 2749 275 2806 in
287 2749 510 2814 commonitiones
525 2758 616 2804 certus
621 2785 629 2815 ,
641 2751 713 2820 quod
723 2752 799 2804 velox
810 2755 852 2802 est
