2150 3198
47 223 51 227 -
156 185 459 244 ‘CONVJVIUM
480 188 759 250 RELIGIOSUM,
834 189 885 244 117
958 185 962 192 ’

77 287 177 350 selim,
197 287 265 356 quid
281 291 406 356 appellet
420 292 600 352 sacrificium,
623 295 689 357 quid
701 295 888 360 misericordi·

76 373 131 410 nm.
153 359 224 410 Nam
235 359 284 424 qui
294 359 436 420 consistit,
456 364 489 410 ut
498 366 643 411 aversetur
653 363 789 419 sacrifieiis
799 365 899 425 Deuss

76 441 150 495 quae
166 427 220 478 sibi
231 432 278 491 tot,
284 429 441 496 praeceptis
452 429 575 480 iusserat
585 428 727 480 exhibenti
743 446 793 484 rsa.
813 435 887 495 (luo.

6 513 7 516 ¹
76 495 163 550 modo
175 497 253 548 Deus
266 503 414 553 aversetur
423 497 577 564 sacrificia,
588 498 671 550 docet
681 499 743 564 ipse
753 515 803 552 nias
814 503 888 568 aprici

14 578 16 580 ·
76 565 260 632 Esaiameap.
274 563 298 616 1.
335 565 493 618 Suntenim
511 567 646 634 quaedam
659 571 831 636 praescripta
843 572 887 621 lu·

52 635 53 638 ’
78 636 158 688 (lasis
169 637 199 687 in
213 635 291 703 lege,
310 651 381 703 quae
392 636 553 702 significant
562 639 651 704 magis
664 637 888 701 sanctimoniam,

77 711 339 773 quannpraestant:
365 707 627 774 quodgenussunt,
650 708 710 759 dies
722 706 804 773 festi,
825 709 889 760 aab·
956 760 960 766 .

51 773 57 779 ”
78 775 209 843 batismi,
229 773 349 838 ieiunia,
367 777 515 828 sacrificia.
551 779 677 843 Etsuat,
696 789 766 844 quae
778 792 890 846 semper

77 844 248 914 praestanda
258 845 328 905 sint,
348 858 420 912 quae
430 852 529 912 suapte
540 852 641 897 natura
652 848 726 900 bana
737 854 818 911 sunt,
832 862 888 898 non

77 915 144 981 quia
155 915 241 966 iussa.
259 913 381 966 ludaeos
390 920 483 967 autem
494 922 641 967 aversatur
651 915 736 980 Deus,
747 933 801 969 non
812 919 887 984 qood
916 942 919 946 ·
978 942 984 948 -
1024 941 1029 956 =

78 984 263 1036 observarent
287 982 359 1051 legis
380 983 471 1048 ritus,
503 984 554 1036 sed
573 984 646 1054 qnod
668 984 710 1038 his
732 987 819 1040 stulte
845 995 888 1037 tu·
941 1009 950 1038 τ

76 1053 161 1114 arieli,‘
178 1052 355 1121 negligerent
365 1068 399 1106 ea
408 1088 417 1115 ‚
437 1069 509 1122 quae
521 1052 597 1107 Deus
609 1057 728 1109 maxime
738 1056 799 1110 volt
809 1071 887 1124 prae·

77 1123 277 1176 &manebitis
307 1139 340 1176 aa
355 1123 499 1176 madentes
519 1123 654 1188 arantis,
676 1127 822 1193 superbia,
843 1140 888 1178 ra·

77 1193 164 1260 pinis,
195 1191 274 1254 odio,
306 1193 409 1256 livore,
441 1195 598 1262 ceterisque
618 1195 715 1258 vitiis,
747 1195 888 1249 existima·

77 1263 147 1314 bant
166 1259 257 1313 Deum
277 1261 345 1328 ipsis
360 1262 478 1314 multum
500 1263 616 1326 debere,
635 1264 709 1330 qood
726 1265 825 1317 diebus
847 1265 888 1317 le-

6 1335 9 1342 '
78 1333 132 1383 etis
154 1336 333 1382 versarentur
347 1333 376 1382 in
391 1333 515 1401 templo,
534 1333 608 1401 quod
619 1333 799 1386 immolarent
810 1333 889 1390 vieti·

6 1417 7 1462 j
77 1413 154 1464 mas,
165 1399 245 1466 'quod
256 1401 429 1456 abstinerent
438 1417 455 1452 a
467 1403 535 1454 cibis
545 1402 656 1464 vetitis,
675 1402 749 1469 quod
764 1403 810 1455 illi
820 1417 888 1453 non-

6 1469 9 1524 Γ
78 1483 219 1537 nunquam
232 1470 403 1522 ieiunarent:
426 1471 538 1524 umbras
549 1473 806 1538 amplectebantur,
826 1483 887 1523 rem
963 1475 967 1480 '

77 1539 268 1608 negligebant.
305 1539 386 1601 Quod
398 1547 490 1594 autom
504 1541 558 1593 aits
576 1541 801 1595 ‘Misericordiam
817 1543 886 1604 voto,

6 1561 10 1659 Ϋ
76 1618 104 1662 et
114 1611 167 1663 nob
179 1608 362 1678 taem'Jieiam
384 1610 484 1678 opinor
495 1625 528 1663 ex
539 1612 672 1665 idiomate
682 1615 820 1665 sermonis
830 1611 887 1662 He·
951 1650 956 1663 ι

7 1681 8 1684 ’
41 1733 46 1745 ⁴
75 1679 158 1731 braei
179 1679 302 1743 dicmur,
323 1695 374 1746 pro
397 1695 444 1742 eo,
467 1680 635 1748 quoderat,
665 1681 886 1734 nriserieordiam

76 1749 141 1802 solo
154 1751 341 1816 potiusquam
359 1749 539 1814 sacrificium,
569 1751 801 1819 quemadmodum
815 1750 887 1802 illnd

55 1881 57 1884 Ι
74 1817 280 1885 interpretatur
290 1817 439 1881 Salomon,
451 1835 535 1888 quum
548 1821 607 1872 ait:
622 1820 888 1890 Faceremitericor·

76 1887 151 1939 diam
171 1896 199 1940 et
213 1887 360 1951 iodicium,
378 1888 467 1957 stragia
479 1891 573 1956 placet
585 1888 702 1946 Domino
718 1907 798 1958 qaam
808 1890 888 1942 aieri-

75 1972 145 2010 arae.
165 1957 270 2019 Porro,
281 1972 362 2010 omne
374 1957 511 2024 officium,
532 1961 603 2026 qood
614 1959 785 2026 impenditur
796 1960 892 2012 suble·

78 2025 170 2079 vando
190 2028 492 2095 proxirrro,scriptu1a
510 2029 733 2080 misericordiam
755 2033 837 2078 roeat
858 2034 888 2076 nt
945 2069 953 2076 .

78 2096 302 2164 eleemosynam,
323 2111 394 2164 quae
410 2103 439 2150 et
454 2099 515 2166 ipsa
523 2113 624 2150 nomen
636 2098 742 2148 ‹luxita
752 2095 896 2146 miseren·⁴

78 2164 125 2218 ao.
155 2164 292 2218 victimas
316 2167 455 2232 appellari
475 2174 556 2235 puto,
577 2165 704 2232 quiequid
715 2164 840 2230 pertinet
850 2163 888 2215 ad
996 2203 1001 2214 .

78 2237 255 2286 ceremonias
271 2237 445 2301 corporales,
466 2241 496 2286 et
511 2233 619 2303 aliquid
636 2233 721 2284 babet
732 2231 815 2284 affine
825 2247 887 2284 cum

17 2347 20 2355 ,
78 2302 234 2357 ludaismo:
254 2303 328 2371 quoti
338 2315 426 2372 genus
437 2301 788 2367 suntdelectuseiborum,
805 2306 898 2355 vesti·-
967 2326 970 2330 ·

79 2378 126 2424 tus
137 2374 341 2441 praescriptus,
359 2373 509 2435 ieiunium,
528 2372 712 2434 sacrificium,
723 2372 887 2437 precesvelf

78 2444 122 2493 ati
133 2455 250 2509 pensum
261 2440 421 2505 absolutae,
451 2441 682 2509 quiestlieiiesti.
717 2441 884 2493 Haeeenim
933 2488 935 2492 .

77 2515 109 2562 nt
119 2525 172 2578 pro
183 2518 313 2578 tempore
322 2525 377 2562 non
388 2516 452 2562 sunt
462 2510 576 2562 onmino
589 2509 765 2578 negligenda,
776 2509 887 2562 itaDtm

78 2577 149 2635 flant
160 2584 285 2648 ingrata,
297 2581 320 2630 si
330 2581 392 2647 quis
403 2579 642 2633 observationibus
652 2579 810 2630 huiusmodi
822 2592 885 2629 οοιι·

78 2648 160 2715 fisus,
178 2651 307 2718 negligat
317 2650 549 2712 misericordiam,
560 2651 670 2716 quoties
681 2648 777 2703 fratris
788 2659 884 2696 neees-
928 2692 933 2700 .

78 2719 146 2774 altas
156 2720 247 2788 exigit
255 2717 378 2772 alliciam
389 2717 542 2773 eharitatis.
570 2719 666 2774 flabat
683 2715 803 2787 speciem
823 2727 884 2768 soo-
