2126 3188
166 232 170 238 ,
270 185 277 192 ·
325 169 589 238 eunaeenn
687 191 691 200 ’
800 152 860 244 am

6 265 8 316 ἶ
62 298 142 352 quum
158 283 273 336 fatearis
284 283 487 352 incorporeum.
499 271 863 360 emligocorpuaintelllgo,
895 341 898 345 Δ

59 353 135 421 quod
146 354 273 406 sentitur.
296 367 345 406 su.
366 355 424 406 lmo
438 371 510 422 quae
521 369 578 406 non
589 358 757 424 sentiuntur,
768 361 858 426 perfe-
875 381 879 397 ,

58 422 184 476 ctissime
202 430 282 488 sunt,
305 424 394 476 veluti
414 423 491 476 Deus
509 429 539 476 et
558 425 660 492 angeli.
688 439 733 476 un.
759 429 859 495 Audio,
912 485 916 492 ‚

57 491 148 545 Deum
158 500 187 545 et
197 495 312 562 angelos
323 492 438 558 spiritus
450 494 599 560 appellem
621 500 651 546 at
662 495 789 560 spiritum
798 513 858 550 sen·
887 533 889 537 -

57 563 154 614 timus.
190 577 238 615 un.
259 563 322 614 Hae
339 577 406 613 voce
417 563 515 615 literae
525 578 621 615 sacrae
633 562 668 615 ob
679 563 762 632 rudes
773 562 860 618 homi-

54 633 109 684 'nes
122 632 288 694 balbutiunt,
301 637 420 683 mentem
431 633 618 700 significantes
630 647 727 699 puram
738 633 774 683 ab
786 631 861 686 omni

60 700 228 757 commercio
239 715 334 753 rerum
345 701 526 755 sensibilium.
536 718 581 758 rs.
594 702 667 764 Qlu'd
676 701 764 768 igitur
775 703 861 754 inter·

59 762 104 820 eal
115 769 189 821 inter
199 770 328 838 angelum
339 775 367 822 et
377 772 518 822 animum!
535 785 584 823 uu.
597 769 660 822 Hoc
670 771 771 836 ipsum,
783 771 860 836 quod

61 839 136 889 inter
152 838 281 890 limacem
297 844 326 890 et
336 836 493 904 cochleam,
505 847 568 902 aut,
588 841 611 891 si
621 833 723 901 mavis,
743 837 861 890 testudi-

60 923 134 960 nem.
151 921 196 959 η.
207 909 314 974 Corpus
325 906 412 974 igitur
423 908 595 960 domicilium
605 914 648 960 est
662 907 747 958 animi
762 909 875 974 magis,-

61 978 380 1044 quaminstrumentum.
410 991 457 1029 nu.
468 977 549 1029 Nihil
559 984 636 1030 vetat
646 977 863 1030 instrumentum

32 1047 41 1078 s
61 1045 222 1098 adiunctum
234 1045 288 1097 dici
298 1043 478 1108 domicilium.
499 1049 535 1098 At
555 1045 651 1098 uehao
661 1045 775 1115 quidem
787 1045 821 1097 de
832 1061 864 1098 re

60 1115 173 1166 variant
186 1109 416 1182 philosophorum
429 1121 593 1168 sentenuae.
621 1115 691 1168 Sunt
702 1116 750 1181 qui
760 1115 865 1178 dicant,

61 1198 164 1250 eorpus
174 1199 236 1236 esse
245 1189 351 1236 restem
363 1187 547 1248 animae,sunt
557 1186 604 1252 qui
615 1185 867 1249 domicilium,sunt

61 1255 110 1320 qui
120 1254 343 1315 instrumentum,
349 1259 414 1307 sunt
422 1252 653 1322 quiharmoniam.
665 1255 773 1305 llorum
780 1255 867 1322 quod·

61 1334 171 1388 cunque
182 1323 299 1385 dixeris,
311 1328 498 1390 consequitur,
509 1325 634 1375 actiones
645 1322 732 1374 animi
740 1322 867 1388 corporis

6 1447 7 1454 χ
60 1390 868 1459 affectionibusimpediri.Primum,siquodvestisestcor-

61 1461 140 1530 pori,
151 1459 224 1510 idem
236 1473 335 1526 corpus
347 1467 389 1514 est
400 1463 644 1530 animo:quantnm
650 1460 685 1512 ad
691 1460 816 1526 corporis
822 1473 868 1510 ra-

60 1528 220 1582 latudinem
232 1527 321 1583 faciat
331 1532 425 1595 vestis,
440 1529 749 1593 declaravitlleroules;
761 1526 868 1595 nequid

62 1600 99 1652 de
111 1598 253 1650 coloribus
266 1605 315 1650 aut
324 1600 443 1667 pilorum
454 1601 623 1670 pelliumque
633 1597 782 1666 generibus
796 1597 867 1650 refe·

61 1683 136 1721 ram.
173 1667 301 1720 Ceterum
318 1685 353 1720 an
374 1671 472 1724 eadem
491 1672 587 1723 anima
607 1669 727 1720 sufficiat
742 1667 868 1733 pluribus

61 1736 233 1804 corporibus
249 1731 420 1801 deterendis,
441 1737 675 1808 quemadmodum
688 1750 788 1802 corpus
800 1735 868 1786 mul·
920 1741 922 1752 '

61 1811 108 1859 tas
119 1806 223 1856 deterit
232 1811 332 1869 orestes,
352 1807 454 1859 viderit
466 1809 641 1878 Pythagoras
649 1809 681 1870 *).
700 1819 744 1857 on.
755 1805 818 1857 Non
829 1806 869 1856 in·

62 1872 243 1929 commodum
263 1873 349 1934 foret,
376 1875 402 1925 si
413 1874 490 1928 iuxta
501 1879 691 1946 Pythagoram
703 1875 816 1936 liceret,
836 1878 869 1923 ut

60 1942 205 2001 vestibus,
222 1941 265 1991 ita
276 1944 437 2006 corporibus
448 1943 673 1997 mutatoriisuti:
694 1944 733 1993 sic
749 1948 868 1993 ntmen·

59 2015 143 2066 sibus
155 2008 280 2061 hibernis
290 2018 448 2062 sumeretur
459 2025 560 2086 corpus
572 2016 685 2066 obesum
703 2021 868 2072 crassaeque

60 2089 209 2144 texturae,
230 2078 342 2130 aestivis
354 2078 443 2130 rarius
456 2085 484 2130 et
494 2081 633 2146 gracilius.
663 2092 711 2128 eu·
729 2076 812 2141 Atqui
823 2089 869 2139 pa·
903 2122 906 2128 ,

58 2167 142 2214 rum,
167 2151 281 2216 opinor,
301 2153 376 2200 esset
394 2147 584 2214 commodum,
603 2151 626 2200 si
638 2143 868 2216 quemadmodum

59 2221 163 2275 multis
175 2219 300 2272 vestibus
310 2217 423 2268 detritis
433 2217 546 2270 tandem
558 2224 586 2269 ct
597 2229 697 2284 eorpus
706 2211 866 2274 deterimus,

58 2291 104 2344 ita
116 2289 214 2340 multis
227 2283 389 2354 corporibus
401 2287 512 2339 detritis
523 2287 636 2339 tandem
650 2291 678 2338 et
689 2282 781 2334 unima
790 2296 868 2334 sene·

59 2364 158 2414 sceret
169 2359 361 2424 deficeretque.
387 2371 433 2408 ra.
442 2355 507 2408 Non
516 2372 592 2410 sane.
610 2369 658 2408 uu.
669 2356 726 2408 lam
738 2349 868 2421 quemad·
908 2358 913 2363 ”

58 2427 180 2484 modum
202 2427 238 2478 ad
258 2425 386 2493 corporis
395 2423 591 2478 salubritatem
604 2425 815 2494 agilitatemque
826 2435 867 2471 rc-

55 2497 136 2560 fert,
158 2509 212 2563 qua
221 2500 298 2546 veste
309 2496 347 2566 sit
358 2495 503 2560 amictum,
524 2499 566 2547 lta
576 2495 673 2558 refert,
684 2491 756 2561 quod
767 2505 868 2557 corpus

57 2567 245 2622 circumferat
255 2565 355 2618 anima
374 2579 420 2620 ra.
436 2565 567 2621 Profecto
578 2565 603 2618 ai
613 2579 713 2633 eorpus
724 2562 810 2616 restis
826 2562 869 2611 est
893 2569 900 2576 ⁴

85 2671 108 2724 ⁸)
124 2667 267 2722 Pythagoras
277 2668 354 2711 dolat
360 2668 458 2712 animum
466 2680 530 2710 suam
536 2668 561 2710 in
568 2667 632 2711 varia
641 2679 737 2722 corpora
746 2662 869 2726 'lllfissmss

55 2741 92 2770 ιο.
127 2724 170 2804 Sic³
174 2737 224 2768 sum
234 2719 323 2771 inducit
330 2724 462 2780 loquentem
470 2723 534 2769 0vid.
545 2723 695 2781 Metamorplr.
706 2723 745 2767 lii.
756 2729 797 2798 ¹,V'
